@article {ciperiani-krashen,
    AUTHOR = {Ciperiani, Mirela and Krashen, Daniel},
     TITLE = {Relative {B}rauer groups of genus 1 curves},
   JOURNAL = {Israel J. Math.},
  FJOURNAL = {Israel Journal of Mathematics},
    VOLUME = {192},
      YEAR = {2012},
    NUMBER = {2},
     PAGES = {921--949},
      ISSN = {0021-2172},
   MRCLASS = {14F22 (11G05 16K20 16K50)},
  MRNUMBER = {3009747},
MRREVIEWER = {Sergey V. Tikhonov},
       DOI = {10.1007/s11856-012-0057-5},
       URL = {https://doi-org.proxy.cc.uic.edu/10.1007/s11856-012-0057-5},
}

@book {silverman,
    AUTHOR = {Silverman, Joseph H.},
     TITLE = {The arithmetic of elliptic curves},
    SERIES = {Graduate Texts in Mathematics},
    VOLUME = {106},
   EDITION = {Second},
 PUBLISHER = {Springer, Dordrecht},
      YEAR = {2009},
     PAGES = {xx+513},
      ISBN = {978-0-387-09493-9},
   MRCLASS = {11-02 (11G05 11G20 14H52 14K15)},
  MRNUMBER = {2514094},
MRREVIEWER = {Vasil\cprime  \={I}. Andr\={\i}\u{\i}chuk},
       DOI = {10.1007/978-0-387-09494-6},
       URL = {https://doi-org.proxy.cc.uic.edu/10.1007/978-0-387-09494-6},
}

@article {dejong-starr,
    AUTHOR = {Starr, Jason and de Jong, Johan},
     TITLE = {Almost proper {GIT}-stacks and discriminant avoidance},
   JOURNAL = {Doc. Math.},
  FJOURNAL = {Documenta Mathematica},
    VOLUME = {15},
      YEAR = {2010},
     PAGES = {957--972},
      ISSN = {1431-0635},
   MRCLASS = {14J10 (14L15)},
  MRNUMBER = {2745688},
}

@article {schroer-topological,
    AUTHOR = {Schr\"{o}er, Stefan},
     TITLE = {Topological methods for complex-analytic {B}rauer groups},
   JOURNAL = {Topology},
  FJOURNAL = {Topology. An International Journal of Mathematics},
    VOLUME = {44},
      YEAR = {2005},
    NUMBER = {5},
     PAGES = {875--894},
      ISSN = {0040-9383},
   MRCLASS = {32C15 (14F22 20J06)},
  MRNUMBER = {2153976},
MRREVIEWER = {Tihomir A. Petrov},
       DOI = {10.1016/j.top.2005.02.005},
       URL = {https://doi-org.turing.library.northwestern.edu/10.1016/j.top.2005.02.005},
}

@article{dejong-perry,
  title={The period-index problem and {H}odge theory},
  author={de Jong, Aise Johan and Perry, Alexander},
  journal={arXiv preprint arXiv:2212.12971},
  year={2022}
}

@article{bhatt-fgauges,
  title={Prismatic {F}-gauges},
  author={Bhatt, Bhargav},
  publisher={available at \url{https://www.math.ias.edu/\~bhatt/teaching/mat549f22/lectures.pdf}},
  note={version accessed 10 April 2023}
}

@article {borger-wieland,
    AUTHOR = {Borger, James and Wieland, Ben},
     TITLE = {Plethystic algebra},
   JOURNAL = {Adv. Math.},
  FJOURNAL = {Advances in Mathematics},
    VOLUME = {194},
      YEAR = {2005},
    NUMBER = {2},
     PAGES = {246--283},
      ISSN = {0001-8708},
   MRCLASS = {13K05 (13A99 16W30)},
  MRNUMBER = {2139914},
MRREVIEWER = {Stefaan Caenepeel},
       DOI = {10.1016/j.aim.2004.06.006},
       URL = {https://doi-org.turing.library.northwestern.edu/10.1016/j.aim.2004.06.006},
}

@article{bsy,
  title={The Chromatic {N}ullstellensatz},
  author={Burklund, Robert and Schlank, Tomer M and Yuan, Allen},
  journal={arXiv preprint arXiv:2207.09929},
  year={2022}
}

@incollection {ekedahl-minimal,
    AUTHOR = {Ekedahl, Torsten},
     TITLE = {On minimal models in integral homotopy theory},
      NOTE = {The Roos Festschrift volume, 1},
   JOURNAL = {Homology Homotopy Appl.},
  FJOURNAL = {Homology, Homotopy and Applications},
    VOLUME = {4},
      YEAR = {2002},
    NUMBER = {2, part 1},
     PAGES = {191--218},
      ISSN = {1532-0081},
   MRCLASS = {55P62 (20F18)},
  MRNUMBER = {1918189},
MRREVIEWER = {J. P. May},
       DOI = {10.4310/hha.2002.v4.n2.a9},
       URL = {https://doi-org.turing.library.northwestern.edu/10.4310/hha.2002.v4.n2.a9},
}

@article {mandell-cochains,
    AUTHOR = {Mandell, Michael A.},
     TITLE = {Cochains and homotopy type},
   JOURNAL = {Publ. Math. Inst. Hautes \'{E}tudes Sci.},
  FJOURNAL = {Publications Math\'{e}matiques. Institut de Hautes \'{E}tudes
              Scientifiques},
    NUMBER = {103},
      YEAR = {2006},
     PAGES = {213--246},
      ISSN = {0073-8301},
   MRCLASS = {55P15 (55N10 55P60)},
  MRNUMBER = {2233853},
MRREVIEWER = {Donald Yau},
       DOI = {10.1007/s10240-006-0037-6},
       URL = {https://doi-org.turing.library.northwestern.edu/10.1007/s10240-006-0037-6},
}

@article {mandell-padic,
    AUTHOR = {Mandell, Michael A.},
     TITLE = {{$E_\infty$} algebras and {$p$}-adic homotopy theory},
   JOURNAL = {Topology},
  FJOURNAL = {Topology. An International Journal of Mathematics},
    VOLUME = {40},
      YEAR = {2001},
    NUMBER = {1},
     PAGES = {43--94},
      ISSN = {0040-9383},
   MRCLASS = {55P15 (55P60)},
  MRNUMBER = {1791268},
MRREVIEWER = {Paul G. Goerss},
       DOI = {10.1016/S0040-9383(99)00053-1},
       URL = {https://doi-org.turing.library.northwestern.edu/10.1016/S0040-9383(99)00053-1},
}

@article {kriz,
    AUTHOR = {K\v{r}\'{\i}\v{z}, Igor},
     TITLE = {{$p$}-adic homotopy theory},
   JOURNAL = {Topology Appl.},
  FJOURNAL = {Topology and its Applications},
    VOLUME = {52},
      YEAR = {1993},
    NUMBER = {3},
     PAGES = {279--308},
      ISSN = {0166-8641},
   MRCLASS = {55U40 (55P10 55P15 55P60 55P62)},
  MRNUMBER = {1243609},
MRREVIEWER = {Kazuhisa Shimakawa},
       DOI = {10.1016/0166-8641(93)90108-P},
       URL = {https://doi-org.turing.library.northwestern.edu/10.1016/0166-8641(93)90108-P},
}

@article{mathew-mondal,
  title={Affine stacks and derived rings},
  author={Mathew, Akhil and Mondal, Shubhodip},
  journal={forthcoming},
  year={2023}
}

@article{mondal-reinecke,
  title={Unipotent homotopy theory of schemes},
  author={Mondal, Shubhodip and Reinecke, Emanuel},
  journal={arXiv preprint arXiv:2302.10703},
  year={2023}
}

@article {toen-affines,
    AUTHOR = {To\"{e}n, Bertrand},
     TITLE = {Champs affines},
   JOURNAL = {Selecta Math. (N.S.)},
  FJOURNAL = {Selecta Mathematica. New Series},
    VOLUME = {12},
      YEAR = {2006},
    NUMBER = {1},
     PAGES = {39--135},
      ISSN = {1022-1824},
   MRCLASS = {14F35 (14A20 18F10 55U35)},
  MRNUMBER = {2244263},
MRREVIEWER = {Mark Hovey},
       DOI = {10.1007/s00029-006-0019-z},
       URL = {https://doi-org.turing.library.northwestern.edu/10.1007/s00029-006-0019-z},
}

@article {toen-schematisation,
    AUTHOR = {To\"{e}n, Bertrand},
     TITLE = {Le probl\`eme de la sch\'{e}matisation de {G}rothendieck revisit\'{e}},
   JOURNAL = {\'{E}pijournal G\'{e}om. Alg\'{e}brique},
  FJOURNAL = {\'{E}pijournal de G\'{e}om\'{e}trie Alg\'{e}brique. EPIGA},
    VOLUME = {4},
      YEAR = {2020},
     PAGES = {Art. 14, 21},
   MRCLASS = {55P15 (14A20 18N60 55P20 55P60)},
  MRNUMBER = {4191417},
MRREVIEWER = {J\'{e}r\^{o}me Scherer},
       DOI = {10.46298/epiga.2020.volume4.6060},
       URL = {https://doi-org.turing.library.northwestern.edu/10.46298/epiga.2020.volume4.6060},
}

@article {stringall,
    AUTHOR = {Stringall, R. W.},
     TITLE = {The categories of {$p$}-rings are equivalent},
   JOURNAL = {Proc. Amer. Math. Soc.},
  FJOURNAL = {Proceedings of the American Mathematical Society},
    VOLUME = {29},
      YEAR = {1971},
     PAGES = {229--235},
      ISSN = {0002-9939},
   MRCLASS = {06.60 (08.00)},
  MRNUMBER = {276153},
MRREVIEWER = {I. Sussman},
       DOI = {10.2307/2038117},
       URL = {https://doi-org.turing.library.northwestern.edu/10.2307/2038117},
}

@article {yuan-integral,
    AUTHOR = {Yuan, Allen},
     TITLE = {Integral models for spaces via the higher {F}robenius},
   JOURNAL = {J. Amer. Math. Soc.},
  FJOURNAL = {Journal of the American Mathematical Society},
    VOLUME = {36},
      YEAR = {2023},
    NUMBER = {1},
     PAGES = {107--175},
      ISSN = {0894-0347},
   MRCLASS = {55P43 (19D06 55P15 55P91)},
  MRNUMBER = {4495840},
MRREVIEWER = {Jens Hornbostel},
       DOI = {10.1090/jams/998},
       URL = {https://doi-org.turing.library.northwestern.edu/10.1090/jams/998},
}

@article{holeman-derived,
  title={Derived {$\delta$}-Rings and Relative Prismatic Cohomology},
  author={Holeman, Adam},
  journal={arXiv preprint arXiv:2303.17447},
  year={2023}
}

@article {bhatt-scholze-witt,
    AUTHOR = {Bhatt, Bhargav and Scholze, Peter},
     TITLE = {Projectivity of the {W}itt vector affine {G}rassmannian},
   JOURNAL = {Invent. Math.},
  FJOURNAL = {Inventiones Mathematicae},
    VOLUME = {209},
      YEAR = {2017},
    NUMBER = {2},
     PAGES = {329--423},
      ISSN = {0020-9910},
   MRCLASS = {14F05 (14M15 19G12)},
  MRNUMBER = {3674218},
MRREVIEWER = {Marc-Hubert Nicole},
       DOI = {10.1007/s00222-016-0710-4},
       URL = {https://doi-org.turing.library.northwestern.edu/10.1007/s00222-016-0710-4},
}

@article {bhatt-lurie-mathew,
    AUTHOR = {Bhatt, Bhargav and Lurie, Jacob and Mathew, Akhil},
     TITLE = {Revisiting the de {R}ham--{W}itt complex},
   JOURNAL = {Ast\'{e}risque},
  FJOURNAL = {Ast\'{e}risque},
    NUMBER = {424},
      YEAR = {2021},
     PAGES = {viii+165},
      ISSN = {0303-1179},
      ISBN = {978-2-85629-937-1},
   MRCLASS = {14F30 (11G25 14F40 14G17)},
  MRNUMBER = {4275461},
       DOI = {10.24033/ast},
       URL = {https://doi-org.turing.library.northwestern.edu/10.24033/ast},
}

@article {scholze-perfectoid,
    AUTHOR = {Scholze, Peter},
     TITLE = {Perfectoid spaces},
   JOURNAL = {Publ. Math. Inst. Hautes \'{E}tudes Sci.},
  FJOURNAL = {Publications Math\'{e}matiques. Institut de Hautes \'{E}tudes
              Scientifiques},
    VOLUME = {116},
      YEAR = {2012},
     PAGES = {245--313},
      ISSN = {0073-8301},
   MRCLASS = {14G99},
  MRNUMBER = {3090258},
MRREVIEWER = {Jean-Marc Fontaine},
       DOI = {10.1007/s10240-012-0042-x},
       URL = {https://doi-org.turing.library.northwestern.edu/10.1007/s10240-012-0042-x},
}

@article{land-mathew-meier-tamme,
  title={Purity in chromatically localized algebraic $ K $-theory},
  author={Land, Markus and Mathew, Akhil and Meier, Lennart and Tamme, Georg},
  journal={arXiv preprint arXiv:2001.10425},
  year={2020}
}

@article {joyal-delta,
    AUTHOR = {Joyal, Andr\'{e}},
     TITLE = {{$\delta$}-anneaux et {$\lambda$}-anneaux},
   JOURNAL = {C. R. Math. Rep. Acad. Sci. Canada},
  FJOURNAL = {La Soci\'{e}t\'{e} Royale du Canada. L'Academie des Sciences. Comptes
              Rendus Math\'{e}matiques. (Mathematical Reports)},
    VOLUME = {7},
      YEAR = {1985},
    NUMBER = {4},
     PAGES = {227--232},
      ISSN = {0706-1994},
   MRCLASS = {13K05 (14L05 18F25 19D99 20C20)},
  MRNUMBER = {802319},
}
		
@article {joyal-witt,
    AUTHOR = {Joyal, Andr\'{e}},
     TITLE = {{$\delta$}-anneaux et vecteurs de {W}itt},
   JOURNAL = {C. R. Math. Rep. Acad. Sci. Canada},
  FJOURNAL = {La Soci\'{e}t\'{e} Royale du Canada. L'Academie des Sciences. Comptes
              Rendus Math\'{e}matiques. (Mathematical Reports)},
    VOLUME = {7},
      YEAR = {1985},
    NUMBER = {3},
     PAGES = {177--182},
      ISSN = {0706-1994},
   MRCLASS = {13K05 (14F30 14L05 18C99 18F25 19D99)},
  MRNUMBER = {789309},
MRREVIEWER = {R. T. Hoobler},
}

@book {brown-matrices,
    AUTHOR = {Brown, William C.},
     TITLE = {Matrices over commutative rings},
    SERIES = {Monographs and Textbooks in Pure and Applied Mathematics},
    VOLUME = {169},
 PUBLISHER = {Marcel Dekker, Inc., New York},
      YEAR = {1993},
     PAGES = {viii+281},
      ISBN = {0-8247-8755-2},
   MRCLASS = {15A33 (13-01)},
  MRNUMBER = {1200234},
MRREVIEWER = {Peter Butkovi\v{c}},
}

@incollection {geller-domains,
    AUTHOR = {Geller, Susan C.},
     TITLE = {A note on injectivity of lower {$K$}-groups for integral
              domains},
 BOOKTITLE = {Applications of algebraic {$K$}-theory to algebraic geometry
              and number theory, {P}art {I}, {II} ({B}oulder, {C}olo.,
              1983)},
    SERIES = {Contemp. Math.},
    VOLUME = {55},
     PAGES = {437--447},
      NOTE = {With an appendix by R. Keith Dennis and Clayton C. Sherman},
 PUBLISHER = {Amer. Math. Soc., Providence, RI},
      YEAR = {1986},
   MRCLASS = {18F25 (13D15 13F30 19D35)},
  MRNUMBER = {862647},
MRREVIEWER = {Barry H. Dayton},
       DOI = {10.1090/conm/055.2/1862647},
       URL = {https://doi-org.turing.library.northwestern.edu/10.1090/conm/055.2/1862647},
}

@article {morrow-k1dim,
    AUTHOR = {Morrow, Matthew},
     TITLE = {{$K$}-theory of one-dimensional rings via pro-excision},
   JOURNAL = {J. Inst. Math. Jussieu},
  FJOURNAL = {Journal of the Institute of Mathematics of Jussieu. JIMJ.
              Journal de l'Institut de Math\'{e}matiques de Jussieu},
    VOLUME = {13},
      YEAR = {2014},
    NUMBER = {2},
     PAGES = {225--272},
      ISSN = {1474-7480},
   MRCLASS = {19D50 (14H20 19C99 19D55)},
  MRNUMBER = {3177279},
MRREVIEWER = {Guillermo Corti\~{n}as},
       DOI = {10.1017/S1474748013000194},
       URL = {https://doi-org.turing.library.northwestern.edu/10.1017/S1474748013000194},
}

@book{becker-weispfenning,
    AUTHOR = {Becker, Thomas and Weispfenning, Volker},
     TITLE = {Gr\"{o}bner bases},
    SERIES = {Graduate Texts in Mathematics},
    VOLUME = {141},
      NOTE = {A computational approach to commutative algebra,
              In cooperation with Heinz Kredel},
 PUBLISHER = {Springer-Verlag, New York},
      YEAR = {1993},
     PAGES = {xxii+574},
      ISBN = {0-387-97971-9},
   MRCLASS = {13P10 (13-01)},
  MRNUMBER = {1213453},
MRREVIEWER = {J\"{o}rgen Backelin},
       DOI = {10.1007/978-1-4612-0913-3},
       URL = {https://doi-org.turing.library.northwestern.edu/10.1007/978-1-4612-0913-3},
}

@inproceedings {caruso-vaccon-verron,
    AUTHOR = {Caruso, Xavier and Vaccon, Tristan and Verron, Thibaut},
     TITLE = {Gr\"{o}bner bases over {T}ate algebras},
 BOOKTITLE = {I{SSAC}'19---{P}roceedings of the 2019 {ACM} {I}nternational
              {S}ymposium on {S}ymbolic and {A}lgebraic {C}omputation},
     PAGES = {74--81},
 PUBLISHER = {ACM, New York},
      YEAR = {2019},
   MRCLASS = {13P10 (14T05 68W30)},
  MRNUMBER = {4007445},
       DOI = {10.1145/3326229.3326257},
       URL = {https://doi-org.turing.library.northwestern.edu/10.1145/3326229.3326257},
}

@incollection {buchberger-integers,
    AUTHOR = {Buchberger, B.},
     TITLE = {A critical-pair/completion algorithm for finitely generated
              ideals in rings},
 BOOKTITLE = {Logic and machines: decision problems and complexity
              ({M}\"{u}nster, 1983)},
    SERIES = {Lecture Notes in Comput. Sci.},
    VOLUME = {171},
     PAGES = {137--161},
 PUBLISHER = {Springer, Berlin},
      YEAR = {1984},
   MRCLASS = {68Q40 (68Q50 68T15)},
  MRNUMBER = {775162},
       DOI = {10.1007/3-540-13331-3\_39},
       URL = {https://doi-org.turing.library.northwestern.edu/10.1007/3-540-13331-3_39},
}

@article{rezk-lambda,
    title={{\'E}tale extensions of $\lambda$-rings},
    author={Rezk, Charles},
    note={available at
        \url{https://faculty.math.illinois.edu/~rezk/etale-lambda.pdf},
        accessed 19 May 2022},
}

@article{akn-spherical-delta,
    title={Spherical $\delta$-rings},
    author={Antieau, Benjamin and Krause, Achim and Nikolaus, Thomas},
    year={2022},
    note={forthcoming},
}

@article{akn-delta,
    title={Prismatic cohomology relative to $\delta$-rings},
    author={Antieau, Benjamin and Krause, Achim and Nikolaus, Thomas},
    year={2022},
    note={forthcoming},
}

@article{akn-kzpn,
    title={On the {K}-theory of {$\mathbf{Z}/p^n$}},
    author={Antieau, Benjamin and Krause, Achim and Nikolaus, Thomas},
    year={2022},
    note={forthcoming},
}

@article{bhatt-completions,
  title={Completions and derived de {R}ham cohomology},
  author={Bhatt, Bhargav},
  journal={arXiv preprint arXiv:1207.6193},
  year={2012}
}

@article{bhatt-mathew-syntomic,
  title={Syntomic complexes and $ p $-adic \'etale {T}ate twists},
  author={Bhatt, Bhargav and Mathew, Akhil},
  journal={arXiv preprint arXiv:2202.04818},
  year={2022}
}

@article {evens-friedlander,
    AUTHOR = {Evens, Leonard and Friedlander, Eric M.},
     TITLE = {On {$K_\ast(\bZ/p^2)$} and related homology
              groups},
   JOURNAL = {Trans. Amer. Math. Soc.},
  FJOURNAL = {Transactions of the American Mathematical Society},
    VOLUME = {270},
      YEAR = {1982},
    NUMBER = {1},
     PAGES = {1--46},
      ISSN = {0002-9947},
   MRCLASS = {18F25 (20G10 20J06 20J10)},
  MRNUMBER = {642328},
MRREVIEWER = {Jean-Louis Loday},
       DOI = {10.2307/1999759},
       URL = {https://doi-org.turing.library.northwestern.edu/10.2307/1999759},
}

@article{akn-announcement,
  title={On the {K}-theory of {$\bZ/p^n$}--announcement},
  author={Antieau, Benjamin and Krause, Achim and Nikolaus, Thomas},
  journal={arXiv preprint arXiv:2204.03420},
  year={2022}
}

@article {geisser,
    AUTHOR = {Geisser, Thomas},
     TITLE = {On {$K_3$} of {W}itt vectors of length two over finite fields},
   JOURNAL = {$K$-Theory},
  FJOURNAL = {$K$-Theory. An Interdisciplinary Journal for the Development,
              Application, and Influence of $K$-Theory in the Mathematical
              Sciences},
    VOLUME = {12},
      YEAR = {1997},
    NUMBER = {3},
     PAGES = {193--226},
      ISSN = {0920-3036},
   MRCLASS = {19D50 (13K05 19D55)},
  MRNUMBER = {1480590},
MRREVIEWER = {V. P. Snaith},
       DOI = {10.1023/A:1007780527545},
       URL = {https://doi-org.turing.library.northwestern.edu/10.1023/A:1007780527545},
}

@inproceedings {gersten-problems,
    AUTHOR = {Gersten, S. M.},
     TITLE = {Problems about higher {$K$}-functors},
 BOOKTITLE = {Algebraic {$K$}-theory, {I}: {H}igher {$K$}-theories ({P}roc.
              {C}onf., {B}attelle {M}emorial {I}nst., {S}eattle, {W}ash.,
              1972)},
     PAGES = {43--56. Lecture Notes in Math., Vol. 341},
      YEAR = {1973},
   MRCLASS = {18F15},
  MRNUMBER = {0338125},
MRREVIEWER = {Kenneth S. Brown},
}

@article{drinfeld-prismatization,
  title={Prismatization},
  author={Drinfeld, Vladimir},
  journal={arXiv preprint arXiv:2005.04746},
  year={2020}
}

@article {aisbett-lluis-puebla-snaith,
    AUTHOR = {Aisbett, Janet E. and Lluis-Puebla, Emilio and Snaith, Victor},
     TITLE = {On {$K_*(\mathbf{Z}/n)$} and {$K_*(\mathbf{F}_q[t]/(t^2))$}},
      NOTE = {With an appendix by Christophe Soul\'{e}},
   JOURNAL = {Mem. Amer. Math. Soc.},
  FJOURNAL = {Memoirs of the American Mathematical Society},
    VOLUME = {57},
      YEAR = {1985},
    NUMBER = {329},
     PAGES = {vi+200},
      ISSN = {0065-9266},
   MRCLASS = {18F25 (11R70 11T99 19C20 19C99 19D55)},
  MRNUMBER = {803974},
MRREVIEWER = {L. N. Vaserstein},
}

@article {harris-segal,
    AUTHOR = {Harris, B. and Segal, G.},
     TITLE = {{$K_{i}$} groups of rings of algebraic integers},
   JOURNAL = {Ann. of Math. (2)},
  FJOURNAL = {Annals of Mathematics. Second Series},
    VOLUME = {101},
      YEAR = {1975},
     PAGES = {20--33},
      ISSN = {0003-486X},
   MRCLASS = {18F25 (12A70)},
  MRNUMBER = {387379},
MRREVIEWER = {Kenneth S. Brown},
       DOI = {10.2307/1970984},
       URL = {https://doi-org.turing.library.northwestern.edu/10.2307/1970984},
}

@book {weibel-kbook,
    AUTHOR = {Weibel, Charles A.},
     TITLE = {The {$K$}-book},
    SERIES = {Graduate Studies in Mathematics},
    VOLUME = {145},
 PUBLISHER = {American Mathematical Society, Providence, RI},
      YEAR = {2013},
     PAGES = {xii+618},
      ISBN = {978-0-8218-9132-2},
   MRCLASS = {19-01},
  MRNUMBER = {3076731},
MRREVIEWER = {L. N. Vaserstein},
       DOI = {10.1090/gsm/145},
       URL = {https://doi-org.turing.library.northwestern.edu/10.1090/gsm/145},
}

@article {jones-roberts,
    AUTHOR = {Jones, John W. and Roberts, David P.},
     TITLE = {A database of local fields},
   JOURNAL = {J. Symbolic Comput.},
  FJOURNAL = {Journal of Symbolic Computation},
    VOLUME = {41},
      YEAR = {2006},
    NUMBER = {1},
     PAGES = {80--97},
      ISSN = {0747-7171},
   MRCLASS = {11S15 (12J25)},
  MRNUMBER = {2194887},
MRREVIEWER = {David Y. Jao},
       DOI = {10.1016/j.jsc.2005.09.003},
       URL = {https://doi-org.turing.library.northwestern.edu/10.1016/j.jsc.2005.09.003},
}

@misc{lmfdb,
  shorthand    = {LMFDB},
  author       = {The {LMFDB Collaboration}},
  title        = {The {L}-functions and modular forms database},
  howpublished = {\url{http://www.lmfdb.org}},
  year         = {2022},
  note         = {[Online; accessed 22 March 2022]},
}

@article {clark-liang,
    AUTHOR = {Clark, W. Edwin and Liang, Joseph J.},
     TITLE = {Enumeration of finite commutative chain rings},
   JOURNAL = {J. Algebra},
  FJOURNAL = {Journal of Algebra},
    VOLUME = {27},
      YEAR = {1973},
     PAGES = {445--453},
      ISSN = {0021-8693},
   MRCLASS = {12C05 (13B25)},
  MRNUMBER = {337910},
MRREVIEWER = {D. Kirby},
       DOI = {10.1016/0021-8693(73)90055-0},
       URL = {https://doi-org.turing.library.northwestern.edu/10.1016/0021-8693(73)90055-0},
}

@manual{sagemath,
  Key          = {SageMath},
  Author       = {{The Sage Developers}},
  Title        = {{S}age{M}ath, the {S}age {M}athematics {S}oftware {S}ystem ({V}ersion 9.4)},
  note         = {{\tt https://www.sagemath.org}},
  Year         = {2021},
}

@article{akn,
    title={On the {K}-theory of $\mathbf{Z}/p^n$},
    author = {Antieau, Benjamin and Krause, Achim and Nikolaus, Thomas},
    note = {forthcoming}
}

@incollection {weibel-survey,
    AUTHOR = {Weibel, Charles},
     TITLE = {Algebraic {$K$}-theory of rings of integers in local and
              global fields},
 BOOKTITLE = {Handbook of {$K$}-theory. {V}ol. 1, 2},
     PAGES = {139--190},
 PUBLISHER = {Springer, Berlin},
      YEAR = {2005},
   MRCLASS = {11R70 (11S70 19D45 19F99)},
  MRNUMBER = {2181823},
MRREVIEWER = {Cornelius Greither},
       DOI = {10.1007/3-540-27855-9\_5},
       URL = {https://doi-org.turing.library.northwestern.edu/10.1007/3-540-27855-9_5},
}

@article{liu-wang,
  title={Topological cyclic homology of local fields},
  author={Liu, Ruochuan and Wang, Guozhen},
  journal={arXiv preprint arXiv:2012.15014},
  year={2020},
  note={to appear in {\em Inv. Math.}},
}

@book {haesemeyer-weibel,
    AUTHOR = {Haesemeyer, Christian and Weibel, Charles A.},
     TITLE = {The norm residue theorem in motivic cohomology},
    SERIES = {Annals of Mathematics Studies},
    VOLUME = {200},
 PUBLISHER = {Princeton University Press, Princeton, NJ},
      YEAR = {2019},
     PAGES = {xiii+299},
      ISBN = {978-0-691-19104-1; 978-0-691-18182-0},
   MRCLASS = {14F42 (14C15 18F20 18G60 19E20)},
  MRNUMBER = {3931681},
MRREVIEWER = {Thomas Benedict Williams},
}

@incollection {gabber,
    AUTHOR = {Gabber, Ofer},
     TITLE = {{$K$}-theory of {H}enselian local rings and {H}enselian pairs},
 BOOKTITLE = {Algebraic {$K$}-theory, commutative algebra, and algebraic
              geometry ({S}anta {M}argherita {L}igure, 1989)},
    SERIES = {Contemp. Math.},
    VOLUME = {126},
     PAGES = {59--70},
 PUBLISHER = {Amer. Math. Soc., Providence, RI},
      YEAR = {1992},
   MRCLASS = {19D99 (13B40 18F25)},
  MRNUMBER = {1156502},
MRREVIEWER = {Sue Geller},
       DOI = {10.1090/conm/126/00509},
       URL = {https://doi-org.turing.library.northwestern.edu/10.1090/conm/126/00509},
}

@book {dundas-goodwillie-mccarthy,
    AUTHOR = {Dundas, Bj\o rn Ian and Goodwillie, Thomas G. and McCarthy,
              Randy},
     TITLE = {The local structure of algebraic {K}-theory},
    SERIES = {Algebra and Applications},
    VOLUME = {18},
 PUBLISHER = {Springer-Verlag London, Ltd., London},
      YEAR = {2013},
     PAGES = {xvi+435},
      ISBN = {978-1-4471-4392-5; 978-1-4471-4393-2},
   MRCLASS = {19-02 (16E40 19D55 55-02 55N99)},
  MRNUMBER = {3013261},
MRREVIEWER = {Charles Weibel},
}

@article {dennis-stein,
    AUTHOR = {Dennis, R. Keith and Stein, Michael R.},
     TITLE = {{$K_{2}$} of discrete valuation rings},
   JOURNAL = {Advances in Math.},
  FJOURNAL = {Advances in Mathematics},
    VOLUME = {18},
      YEAR = {1975},
    NUMBER = {2},
     PAGES = {182--238},
      ISSN = {0001-8708},
   MRCLASS = {18F25 (13H10)},
  MRNUMBER = {437620},
MRREVIEWER = {M. E. Keating},
       DOI = {10.1016/0001-8708(75)90157-7},
       URL = {https://doi-org.turing.library.northwestern.edu/10.1016/0001-8708(75)90157-7},
}

@article{mathew-survey,
  title={Some recent advances in topological {H}ochschild homology},
  author={Mathew, Akhil},
  journal={arXiv preprint arXiv:2101.00668},
  year={2021}
}

@article {hesselholt-madsen,
    AUTHOR = {Hesselholt, Lars and Madsen, Ib},
     TITLE = {On the {$K$}-theory of local fields},
   JOURNAL = {Ann. of Math. (2)},
  FJOURNAL = {Annals of Mathematics. Second Series},
    VOLUME = {158},
      YEAR = {2003},
    NUMBER = {1},
     PAGES = {1--113},
      ISSN = {0003-486X},
   MRCLASS = {19D50 (11S70 13K05 19D55 19F05 55P91)},
  MRNUMBER = {1998478},
MRREVIEWER = {J. P. C. Greenlees},
       DOI = {10.4007/annals.2003.158.1},
       URL = {https://doi-org.turing.library.northwestern.edu/10.4007/annals.2003.158.1},
}
		
@article {hesselholt-madsen-truncated,
    AUTHOR = {Hesselholt, Lars and Madsen, Ib},
     TITLE = {Cyclic polytopes and the {$K$}-theory of truncated polynomial
              algebras},
   JOURNAL = {Invent. Math.},
  FJOURNAL = {Inventiones Mathematicae},
    VOLUME = {130},
      YEAR = {1997},
    NUMBER = {1},
     PAGES = {73--97},
      ISSN = {0020-9910},
   MRCLASS = {19D55 (19D50 55N15)},
  MRNUMBER = {1471886},
MRREVIEWER = {Jerry Lodder},
       DOI = {10.1007/s002220050178},
       URL = {https://doi-org.turing.library.northwestern.edu/10.1007/s002220050178},
}
		
@article {hesselholt-madsen-finite,
    AUTHOR = {Hesselholt, Lars and Madsen, Ib},
     TITLE = {On the {$K$}-theory of finite algebras over {W}itt vectors of
              perfect fields},
   JOURNAL = {Topology},
  FJOURNAL = {Topology. An International Journal of Mathematics},
    VOLUME = {36},
      YEAR = {1997},
    NUMBER = {1},
     PAGES = {29--101},
      ISSN = {0040-9383},
   MRCLASS = {19D55 (16E40 55P91)},
  MRNUMBER = {1410465},
MRREVIEWER = {Charles Weibel},
       DOI = {10.1016/0040-9383(96)00003-1},
       URL = {https://doi-org.turing.library.northwestern.edu/10.1016/0040-9383(96)00003-1},
}

@article {speirs,
    AUTHOR = {Speirs, Martin},
     TITLE = {On the {$K$}-theory of truncated polynomial algebras,
              revisited},
   JOURNAL = {Adv. Math.},
  FJOURNAL = {Advances in Mathematics},
    VOLUME = {366},
      YEAR = {2020},
     PAGES = {107083, 18},
      ISSN = {0001-8708},
   MRCLASS = {19D10 (18F25 55N15)},
  MRNUMBER = {4070307},
MRREVIEWER = {Christoph Winges},
       DOI = {10.1016/j.aim.2020.107083},
       URL = {https://doi-org.turing.library.northwestern.edu/10.1016/j.aim.2020.107083},
}

@article{sulyma,
  title={Floor, ceiling, slopes, and {K}-theory},
  author={Sulyma, Yuri JF},
  journal={arXiv preprint arXiv:2110.04978},
  year={2021}
}

@article {cmm,
    AUTHOR = {Clausen, Dustin and Mathew, Akhil and Morrow, Matthew},
     TITLE = {{$K$}-theory and topological cyclic homology of henselian
              pairs},
   JOURNAL = {J. Amer. Math. Soc.},
  FJOURNAL = {Journal of the American Mathematical Society},
    VOLUME = {34},
      YEAR = {2021},
    NUMBER = {2},
     PAGES = {411--473},
      ISSN = {0894-0347},
   MRCLASS = {19D55},
  MRNUMBER = {4280864},
       DOI = {10.1090/jams/961},
       URL = {https://doi-org.turing.library.northwestern.edu/10.1090/jams/961},
}

@article {brun,
    AUTHOR = {Brun, Morten},
     TITLE = {Filtered topological cyclic homology and relative {$K$}-theory
              of nilpotent ideals},
   JOURNAL = {Algebr. Geom. Topol.},
  FJOURNAL = {Algebraic \& Geometric Topology},
    VOLUME = {1},
      YEAR = {2001},
     PAGES = {201--230},
      ISSN = {1472-2747},
   MRCLASS = {19D55 (19D50 55P42)},
  MRNUMBER = {1823499},
MRREVIEWER = {Stanis\l aw Betley},
       DOI = {10.2140/agt.2001.1.201},
       URL = {https://doi-org.turing.library.northwestern.edu/10.2140/agt.2001.1.201},
}

@article{angeltveit,
  title={On the algebraic {K}-theory of {W}itt vectors of finite length},
  author={Angeltveit, Vigleik},
  journal={arXiv preprint arXiv:1101.1866},
  year={2011}
}

@inproceedings {quillen-higher,
    AUTHOR = {Quillen, Daniel},
     TITLE = {Higher algebraic {$K$}-theory. {I}},
 BOOKTITLE = {Algebraic {$K$}-theory, {I}: {H}igher {$K$}-theories ({P}roc.
              {C}onf., {B}attelle {M}emorial {I}nst., {S}eattle, {W}ash.,
              1972)},
     PAGES = {85--147. Lecture Notes in Math., Vol. 341},
      YEAR = {1973},
   MRCLASS = {18F25},
  MRNUMBER = {0338129},
MRREVIEWER = {Stephen M. Gersten},
}

@article{bhatt-lurie-prism,
  title={The prismatization of $ p $-adic formal schemes},
  author={Bhatt, Bhargav and Lurie, Jacob},
  journal={arXiv preprint arXiv:2201.06124},
  year={2022}
}

@article{bhatt-lurie-apc,
  title={Absolute prismatic cohomology},
  author={Bhatt, Bhargav and Lurie, Jacob},
  journal={arXiv preprint arXiv:2201.06120},
  year={2022}
}

@article{bhatt-lurie,
  title={A {R}iemann--{H}ilbert correspondence in positive characteristic},
  author={Bhatt, Bhargav and Lurie, Jacob},
  journal={arXiv preprint arXiv:1711.04148},
  year={2017}
}

@article{panin,
    author={Panin, I.A.},
    title={On a theorem of {H}urewicz and {$K$}-theory of complete discrete
           valuation rings},
    journal={Mathematics of the {USSR}-{I}zvestiya},
    year={1987},
    volume={29},
    number={1},
    pages={119--131},
}

@article{wagoner,
AUTHOR = {Wagoner, J. B.},
TITLE = {Continuous cohomology and {$p$}-adic {$K$}-theory},
BOOKTITLE = {Algebraic {K}-theory ({P}roc. {C}onf.,
{N}orthwestern {U}niv.,
{E}vanston, {I}ll., 1976)},
PAGES = {241--248. Lecture Notes in Math., Vol. 551},
PUBLISHER = {Springer, Berlin},
YEAR = {1976},
MRCLASS = {12B15 (18F25)},
MRNUMBER = {0498502},
MRREVIEWER = {Jean-Louis Loday},
}

@article{krause-nikolaus,
  title={B{\"o}kstedt periodicity and quotients of {DVR}s},
  author={Krause, Achim and Nikolaus, Thomas},
  journal={arXiv preprint arXiv:1907.03477},
  year={2019}
}

@incollection {weibel,
    AUTHOR = {Weibel, Charles},
     TITLE = {Algebraic {$K$}-theory of rings of integers in local and
              global fields},
 BOOKTITLE = {Handbook of {$K$}-theory. {V}ol. 1, 2},
     PAGES = {139--190},
 PUBLISHER = {Springer, Berlin},
      YEAR = {2005},
   MRCLASS = {11R70 (11S70 19D45 19F99)},
  MRNUMBER = {2181823},
MRREVIEWER = {Cornelius Greither},
       DOI = {10.1007/3-540-27855-9_5},
       URL = {https://doi-org.proxy.cc.uic.edu/10.1007/3-540-27855-9_5},
}

@article{ammn,
  title={On the {B}eilinson fiber square},
  author={Antieau, Benjamin and Mathew, Akhil and Morrow, Matthew and Nikolaus, Thomas},
  journal={arXiv preprint arXiv:2003.12541},
  year={2020}
}

@article{anschutz-lebras,
  title={Prismatic {D}ieudonn\'e theory},
  author={Ansch{\"u}tz, Johannes and Le Bras, Arthur-C{\'e}sar},
  journal={arXiv preprint arXiv:1907.10525},
  year={2019}
}

@book {illusie-cotangent-2,
    AUTHOR = {Illusie, Luc},
     TITLE = {Complexe cotangent et d\'{e}formations. {II}},
    SERIES = {Lecture Notes in Mathematics, Vol. 283},
 PUBLISHER = {Springer-Verlag, Berlin-New York},
      YEAR = {1972},
     PAGES = {vii+304},
   MRCLASS = {14B10 (14D15 14F20 55D20)},
  MRNUMBER = {0491681},
MRREVIEWER = {Larry Breen},
}
		
@book {illusie-cotangent-1,
    AUTHOR = {Illusie, Luc},
     TITLE = {Complexe cotangent et d\'{e}formations. {I}},
    SERIES = {Lecture Notes in Mathematics, Vol. 239},
 PUBLISHER = {Springer-Verlag, Berlin-New York},
      YEAR = {1971},
     PAGES = {xv+355},
   MRCLASS = {14B10 (14D15 14F20 55D20)},
  MRNUMBER = {0491680},
MRREVIEWER = {Larry Breen},
}

@article {katz-oda,
    AUTHOR = {Katz, Nicholas M. and Oda, Tadao},
     TITLE = {On the differentiation of de {R}ham cohomology classes with
              respect to parameters},
   JOURNAL = {J. Math. Kyoto Univ.},
  FJOURNAL = {Journal of Mathematics of Kyoto University},
    VOLUME = {8},
      YEAR = {1968},
     PAGES = {199--213},
      ISSN = {0023-608X},
   MRCLASS = {14.52},
  MRNUMBER = {237510},
MRREVIEWER = {James Milne},
       DOI = {10.1215/kjm/1250524135},
       URL = {https://doi-org.proxy.cc.uic.edu/10.1215/kjm/1250524135},
}

@article {antieau-derham,
    AUTHOR = {Antieau, Benjamin},
     TITLE = {Periodic cyclic homology and derived de {R}ham cohomology},
   JOURNAL = {Ann. K-Theory},
  FJOURNAL = {Annals of K-Theory},
    VOLUME = {4},
      YEAR = {2019},
    NUMBER = {3},
     PAGES = {505--519},
      ISSN = {2379-1683},
   MRCLASS = {14F30 (13D03 14F40)},
  MRNUMBER = {4043467},
       DOI = {10.2140/akt.2019.4.505},
       URL = {https://doi-org.proxy.cc.uic.edu/10.2140/akt.2019.4.505},
}

@article {katz-nilpotent,
    AUTHOR = {Katz, Nicholas M.},
     TITLE = {Nilpotent connections and the monodromy theorem:
              {A}pplications of a result of {T}urrittin},
   JOURNAL = {Inst. Hautes \'{E}tudes Sci. Publ. Math.},
  FJOURNAL = {Institut des Hautes \'{E}tudes Scientifiques. Publications
              Math\'{e}matiques},
    NUMBER = {39},
      YEAR = {1970},
     PAGES = {175--232},
      ISSN = {0073-8301},
   MRCLASS = {14A99 (32C15)},
  MRNUMBER = {291177},
MRREVIEWER = {S. S. Shatz},
       URL = {http://www.numdam.org/item?id=PMIHES_1970__39__175_0},
}

@article{raksit,
    title={Hochschild homology and the derived de {R}ham complex revisited},
    author={Raksit, Arpon},
    year={2020},
    journal={forthcoming},
}

@article{moulinos-robalo-toen,
  title={A universal {HKR} theorem},
  author={Moulinos, Tasos and Robalo, Marco and To{\"e}n, Bertrand},
  journal={arXiv preprint arXiv:1906.00118},
  year={2019}
}

@article{prisms,
  title={Prisms and prismatic cohomology},
  author={Bhatt, Bhargav and Scholze, Peter},
  journal={arXiv preprint arXiv:1905.08229},
  year={2019}
}

@article{bhatt-clausen-mathew,
  title={Remarks on {$K(1)$}-local {$K$}-theory},
  author={Bhatt, Bhargav and Clausen, Dustin and Mathew, Akhil},
  journal={arXiv preprint arXiv:2001.11622},
  year={2020}
}

@article {bms2,
    AUTHOR = {Bhatt, Bhargav and Morrow, Matthew and Scholze, Peter},
     TITLE = {Topological {H}ochschild homology and integral {$p$}-adic
              {H}odge theory},
   JOURNAL = {Publ. Math. Inst. Hautes \'{E}tudes Sci.},
  FJOURNAL = {Publications Math\'{e}matiques. Institut de Hautes \'{E}tudes
              Scientifiques},
    VOLUME = {129},
      YEAR = {2019},
     PAGES = {199--310},
      ISSN = {0073-8301},
   MRCLASS = {14F30 (13A35)},
  MRNUMBER = {3949030},
       DOI = {10.1007/s10240-019-00106-9},
       URL = {https://doi-org.proxy.cc.uic.edu/10.1007/s10240-019-00106-9},
}

@article{bms1,
title={Integral p-adic {H}odge theory},
author={Bhatt, Bhargav and Morrow, Matthew and Scholze, Peter},
journal={arXiv preprint arXiv:1602.03148},
year={2016}
}

@incollection{hesselholt-ocp,
AUTHOR = {Hesselholt, Lars},
TITLE = {On the topological cyclic homology of the algebraic
closure of
a local field},
BOOKTITLE = {An alpine anthology of homotopy theory},
SERIES = {Contemp. Math.},
VOLUME = {399},
PAGES = {133--162},
PUBLISHER = {Amer. Math. Soc., Providence, RI},
YEAR = {2006},
MRCLASS = {19D50 (11S70 19D55 19F05)},
MRNUMBER = {2222509},
MRREVIEWER = {J. P. C. Greenlees},
DOI = {10.1090/conm/399/07517},
URL =
{https://doi-org.proxy.cc.uic.edu/10.1090/conm/399/07517},
}


@article{an1,
title={Cartier modules and cyclotomic spectra},
author={Antieau, Benjamin and Nikolaus, Thomas},
journal={arXiv preprint arXiv:1809.01714},
year={2018}
}

@book{hutschenreuter,
  title={On rigidity of the ring spectra {$P_mS_{(p)}$} and $ko$},
    author={Hutschenreuter, Katja},
      year={2012},
      note={PhD thesis at Bonn},
    publisher={available at \url{http://hss.ulb.uni-bonn.de/2012/2974/2974.htm}},
}

@article{muro-raptis,
AUTHOR = {Muro, Fernando and Raptis, George},
TITLE = {A note on {$K$}-theory and triangulated derivators},
JOURNAL = {Adv. Math.},
FJOURNAL = {Advances in Mathematics},
VOLUME = {227},
YEAR = {2011},
NUMBER = {5},
PAGES = {1827--1845},
ISSN = {0001-8708},
MRCLASS = {19D99 (16E45 18E30)},
MRNUMBER = {2803788},
MRREVIEWER = {Jens Hornbostel},
DOI =
{10.1016/j.aim.2011.04.005},
URL =
{https://doi-org.proxy.cc.uic.edu/10.1016/j.aim.2011.04.005},
}

@book{bokstedt,
    title={The topological {H}ochschild homology of {$\mathbb{Z}$} and {$\mathbb{Z}/p$}},
    author={B{\"o}kstedt, Marcel},
    year={1985},
    publisher={Universit{\"a}t Bielefeld, Fakult{\"a}t f{\"u}r Mathematik},
}

@article{agh,
title={K-theoretic obstructions to bounded t-structures},
author={Antieau, Benjamin and Gepner, David and Heller, Jeremiah},
journal={arXiv preprint arXiv:1610.07207},
note={To appear in Inventiones math.},
year={2016},
}

@article{patchkoria,
AUTHOR = {Patchkoria, Irakli},
TITLE = {On exotic equivalences and a theorem of {F}ranke},
JOURNAL = {Bull. Lond. Math. Soc.},
FJOURNAL = {Bulletin of the London Mathematical Society},
VOLUME = {49},
YEAR = {2017},
NUMBER = {6},
PAGES = {1085--1099},
ISSN = {0024-6093},
MRCLASS = {55P42 (18E30 18G55)},
MRNUMBER = {3743489},
MRREVIEWER = {Julia Bergner},
DOI = {10.1112/blms.12105},
URL =
{https://doi.org/10.1112/blms.12105},
}

@article{barthel-schlank-stapleton,
title={Chromatic homotopy theory is asymptotically algebraic},
author={Barthel, Tobias and Schlank, Tomer and Stapleton, Nathaniel},
journal={arXiv preprint arXiv:1711.00844},
year={2017}
}

@article{pstragowski,
title={Chromatic homotopy is algebraic when $p>n^2+n+1$},
author={Pstr{\k{a}}gowski, Piotr},
journal={arXiv preprint arXiv:1810.12250},
year={2018}
}

@article{kanda,
title={Non-exactness of direct products of quasi-coherent sheaves},
author={Kanda, Ryo},
journal={arXiv preprint arXiv:1810.08752},
year={2018}
}

@article {thomason-etale,
    AUTHOR = {Thomason, R. W.},
     TITLE = {Algebraic {$K$}-theory and \'{e}tale cohomology},
   JOURNAL = {Ann. Sci. \'{E}cole Norm. Sup. (4)},
  FJOURNAL = {Annales Scientifiques de l'\'{E}cole Normale Sup\'{e}rieure. Quatri\`eme
              S\'{e}rie},
    VOLUME = {18},
      YEAR = {1985},
    NUMBER = {3},
     PAGES = {437--552},
      ISSN = {0012-9593},
   MRCLASS = {14F15 (11G99 14F12 18F25 19E20)},
  MRNUMBER = {826102},
MRREVIEWER = {H. Gillet},
       URL = {http://www.numdam.org.turing.library.northwestern.edu/item?id=ASENS_1985_4_18_3_437_0},
}

@incollection{thomason-trobaugh,
AUTHOR = {Thomason, R. W. and Trobaugh, Thomas},
TITLE = {Higher algebraic {$K$}-theory of schemes and of derived
categories},
BOOKTITLE = {The {G}rothendieck {F}estschrift, {V}ol. {III}},
SERIES = {Progr. Math.},
VOLUME = {88},
PAGES = {247--435},
PUBLISHER = {Birkh\"{a}user Boston, Boston, MA},
YEAR = {1990},
MRCLASS = {19E08 (14C35 19D10)},
MRNUMBER = {1106918},
MRREVIEWER = {Charles Weibel},
DOI = {10.1007/978-0-8176-4576-2_10},
URL =
{https://doi-org.proxy.cc.uic.edu/10.1007/978-0-8176-4576-2_10},
}

@book{mosher-tangora,
AUTHOR = {Mosher, Robert E. and Tangora, Martin C.},
TITLE = {Cohomology operations and applications in homotopy
theory},
PUBLISHER = {Harper \& Row, Publishers, New York-London},
YEAR = {1968},
PAGES = {x+214},
MRCLASS = {55.40},
MRNUMBER = {0226634},
MRREVIEWER = {Larry Smith},
}

@article{gepner-haugseng,
AUTHOR = {Gepner, David and Haugseng, Rune},
TITLE = {Enriched {$\infty$}-categories via non-symmetric
{$\infty$}-operads},
JOURNAL = {Adv. Math.},
FJOURNAL = {Advances in Mathematics},
VOLUME = {279},
YEAR = {2015},
PAGES = {575--716},
ISSN = {0001-8708},
MRCLASS = {18D20 (18D10 18D50)},
MRNUMBER = {3345192},
MRREVIEWER = {Christopher L. Rogers},
DOI = {10.1016/j.aim.2015.02.007},
URL =
{https://doi-org.proxy.cc.uic.edu/10.1016/j.aim.2015.02.007},
}

@article{schlichting,
AUTHOR = {Schlichting, Marco},
TITLE = {A note on {$K$}-theory and triangulated categories},
JOURNAL = {Invent. Math.},
FJOURNAL = {Inventiones Mathematicae},
VOLUME = {150},
YEAR = {2002},
NUMBER = {1},
PAGES = {111--116},
ISSN = {0020-9910},
MRCLASS = {18E30 (18F25 19D10)},
MRNUMBER = {1930883},
MRREVIEWER = {Apostolos D.
Beligiannis},
DOI = {10.1007/s00222-002-0231-1},
URL =
{https://doi-org.proxy.cc.uic.edu/10.1007/s00222-002-0231-1},
}

@misc{stacks,
author       = {The {Stacks Project Authors}},
title        = {Stacks project},
howpublished = {\url{https://stacks.math.columbia.edu}},
year         = {2018},
}

@book{sga6,
TITLE = {Th\'{e}orie des intersections et th\'{e}or\`eme de {R}iemann-{R}och},
SERIES = {Lecture Notes in Mathematics, Vol. 225},
NOTE = {S\'{e}minaire de G\'{e}om\'{e}trie Alg\'{e}brique du Bois-Marie 1966--1967 (SGA 6), Dirig\'{e} par P. Berthelot, A. Grothendieck et L.  Illusie. Avec la collaboration de D. Ferrand, J. P.  Jouanolou, O.  Jussila, S.  Kleiman, M.  Raynaud et
J.  P.  Serre},
PUBLISHER = {Springer-Verlag, Berlin-New York},
YEAR = {1971},
PAGES = {xii+700},
MRCLASS = {14-06},
MRNUMBER = {0354655},
}

@book{neeman,
AUTHOR = {Neeman, Amnon},
TITLE = {Triangulated categories},
SERIES = {Annals of Mathematics Studies},
VOLUME = {148},
PUBLISHER = {Princeton University Press, Princeton, NJ},
YEAR = {2001},
PAGES = {viii+449},
ISBN = {0-691-08685-0; 0-691-08686-9},
MRCLASS = {18E30 (55-02 55N20 55U35)},
MRNUMBER = {1812507},
MRREVIEWER = {Stanis\l aw Betley},
DOI = {10.1515/9781400837212},
URL =
{https://doi.org/10.1515/9781400837212},
}

@article{tarrio-etal,
AUTHOR = {Alonso Tarr\'{i}o, Leovigildo and Jerem\'{i}as L\'{o}pez, Ana and
Saor\'{i}n,
Manuel},
TITLE = {Compactly generated {$t$}-structures on the derived category
of a {N}oetherian ring},
JOURNAL = {J. Algebra},
FJOURNAL = {Journal of Algebra},
VOLUME = {324},
YEAR = {2010},
NUMBER = {3},
PAGES = {313--346},
ISSN = {0021-8693},
MRCLASS = {13D09},
MRNUMBER = {2651339},
MRREVIEWER = {\={I}. \={I}. Burban},
DOI =
{10.1016/j.jalgebra.2010.04.023},
URL =
{https://doi.org/10.1016/j.jalgebra.2010.04.023},
}

@article{hrbek,
      title={Compactly generated t-structures in the derived category of a commutative
          ring},
        author={Hrbek, Michal},
          journal={arXiv preprint arXiv:1806.00078},
            year={2018}
}

@article{dugger-shipley-curious,
AUTHOR = {Dugger, Daniel and Shipley, Brooke},
TITLE = {A curious example of triangulated-equivalent model categories
which are not {Q}uillen equivalent},
JOURNAL = {Algebr. Geom. Topol.},
FJOURNAL = {Algebraic \& Geometric Topology},
VOLUME = {9},
YEAR = {2009},
NUMBER = {1},
PAGES = {135--166},
ISSN = {1472-2747},
MRCLASS = {18E30 (18F25 55U35)},
MRNUMBER = {2482071},
MRREVIEWER = {Mark Hovey},
DOI = {10.2140/agt.2009.9.135},
URL =
{https://doi.org/10.2140/agt.2009.9.135},
}

@article{dugger-shipley-topological,
AUTHOR = {Dugger, Daniel and Shipley, Brooke},
TITLE = {Topological equivalences for differential graded algebras},
JOURNAL = {Adv. Math.},
FJOURNAL = {Advances in Mathematics},
VOLUME = {212},
YEAR = {2007},
NUMBER = {1},
PAGES = {37--61},
ISSN = {0001-8708},
MRCLASS = {55U35 (18G55 55P43)},
MRNUMBER = {2319762},
MRREVIEWER = {Paul Arne \O stv\ae r},
DOI = {10.1016/j.aim.2006.09.013},
URL =
{https://doi.org/10.1016/j.aim.2006.09.013},
}

@article{dugger-shipley-derived,
AUTHOR = {Dugger, Daniel and Shipley, Brooke},
TITLE = {{$K$}-theory and derived equivalences},
JOURNAL = {Duke Math. J.},
FJOURNAL = {Duke Mathematical Journal},
VOLUME = {124},
YEAR = {2004},
NUMBER = {3},
PAGES = {587--617},
ISSN = {0012-7094},
MRCLASS = {19D99 (18E30 55U35)},
MRNUMBER = {2085176},
MRREVIEWER = {Daniel C. Isaksen},
DOI =
{10.1215/S0012-7094-04-12435-2},
URL =
{https://doi.org/10.1215/S0012-7094-04-12435-2},
}

@book{gabber-ramero,
    AUTHOR = {Gabber, Ofer and Ramero, Lorenzo},
    TITLE = {Almost ring theory},
    SERIES = {Lecture Notes in Mathematics},
    VOLUME = {1800},
    PUBLISHER = {Springer-Verlag, Berlin},
    YEAR = {2003},
    PAGES = {vi+307},
    ISBN = {3-540-40594-1},
    MRCLASS = {13D10 (13B40 13D03 14G22 18D10)},
    MRNUMBER = {2004652},
    DOI = {10.1007/b10047},
    URL =
    {https://doi.org/10.1007/b10047},
}

@article{faltings,
AUTHOR = {Faltings, Gerd},
TITLE = {Almost \'{e}tale extensions},
NOTE = {Cohomologies $p$-adiques et applications arithm\'{e}tiques, II},
JOURNAL = {Ast\'{e}risque},
FJOURNAL = {Ast\'{e}risque},
NUMBER = {279},
YEAR = {2002},
PAGES = {185--270},
ISSN = {0303-1179},
MRCLASS = {14F30},
MRNUMBER = {1922831},
MRREVIEWER = {Mark Kisin},
}

@article{shipley,
AUTHOR = {Shipley, Brooke},
TITLE = {{$H\Bbb Z$}-algebra spectra are differential graded algebras},
JOURNAL = {Amer. J. Math.},
FJOURNAL = {American Journal of Mathematics},
VOLUME = {129},
YEAR = {2007},
NUMBER = {2},
PAGES = {351--379},
ISSN = {0002-9327},
MRCLASS = {55P42 (18G55 55P20 55P43 55U35)},
MRNUMBER = {2306038},
MRREVIEWER = {Tyler D. Lawson},
DOI = {10.1353/ajm.2007.0014},
URL =
{https://doi.org/10.1353/ajm.2007.0014},
}

@article{spaltenstein,
AUTHOR = {Spaltenstein, N.},
TITLE = {Resolutions of unbounded complexes},
JOURNAL = {Compositio Math.},
FJOURNAL = {Compositio Mathematica},
VOLUME = {65},
YEAR = {1988},
NUMBER = {2},
PAGES = {121--154},
ISSN = {0010-437X},
MRCLASS = {18E25 (32C35)},
MRNUMBER = {932640},
MRREVIEWER = {Michael M. Kapranov},
URL =
{http://www.numdam.org/item?id=CM_1988__65_2_121_0},
}

@incollection{keller,
    AUTHOR = {Keller, Bernhard},
         TITLE = {On differential graded categories},
          BOOKTITLE = {International {C}ongress of {M}athematicians. {V}ol.
                       {II}},
         PAGES = {151--190},
          PUBLISHER = {Eur. Math. Soc., Z\"{u}rich},
                YEAR = {2006},
                   MRCLASS = {18E30 (14A22 16D90)},
                     MRNUMBER = {2275593},
                     MRREVIEWER = {Volodymyr V. Lyubashenko},
}

@article{schwede-porder,
AUTHOR = {Schwede, Stefan},
TITLE = {The {$p$}-order of topological triangulated categories},
JOURNAL = {J. Topol.},
FJOURNAL = {Journal of Topology},
VOLUME = {6},
YEAR = {2013},
NUMBER = {4},
PAGES = {868--914},
ISSN = {1753-8416},
MRCLASS = {18E30 (55P42)},
MRNUMBER = {3145143},
MRREVIEWER = {Friedrich W.
Bauer},
DOI = {10.1112/jtopol/jtt018},
URL =
{https://doi-org.proxy.cc.uic.edu/10.1112/jtopol/jtt018},
}

@article{schwede-norder,
AUTHOR = {Schwede, Stefan},
TITLE = {The {$n$}-order of algebraic triangulated categories},
JOURNAL = {J. Topol.},
FJOURNAL = {Journal of Topology},
VOLUME = {6},
YEAR = {2013},
NUMBER = {4},
PAGES = {857--867},
ISSN = {1753-8416},
MRCLASS = {18E30 (55P42)},
MRNUMBER = {3145142},
MRREVIEWER = {Friedrich W.
Bauer},
DOI = {10.1112/jtopol/jtt014},
URL =
{https://doi-org.proxy.cc.uic.edu/10.1112/jtopol/jtt014},
}

@incollection{schwede-algebraic,
AUTHOR = {Schwede, Stefan},
TITLE = {Algebraic versus topological triangulated categories},
BOOKTITLE = {Triangulated categories},
SERIES = {London Math. Soc. Lecture Note Ser.},
VOLUME = {375},
PAGES = {389--407},
PUBLISHER = {Cambridge Univ. Press, Cambridge},
YEAR = {2010},
MRCLASS = {18E30 (55P42 55U40)},
MRNUMBER = {2681714},
MRREVIEWER = {Sunil K. Chebolu},
DOI =
{10.1017/CBO9781139107075.010},
URL =
{https://doi-org.proxy.cc.uic.edu/10.1017/CBO9781139107075.010},
}

@article{muro-schwede-strickland,
AUTHOR = {Muro, Fernando and Schwede, Stefan and Strickland, Neil},
TITLE = {Triangulated categories without models},
JOURNAL = {Invent. Math.},
FJOURNAL = {Inventiones Mathematicae},
VOLUME = {170},
YEAR = {2007},
NUMBER = {2},
PAGES = {231--241},
ISSN = {0020-9910},
MRCLASS = {18E30 (18G55 55P42)},
MRNUMBER = {2342636},
MRREVIEWER = {Jens Hornbostel},
DOI =
{10.1007/s00222-007-0061-2},
URL =
{https://doi-org.proxy.cc.uic.edu/10.1007/s00222-007-0061-2},
}

@article{schwede-shipley,
AUTHOR = {Schwede, Stefan and Shipley, Brooke},
TITLE = {A uniqueness theorem for stable homotopy theory},
JOURNAL = {Math. Z.},
FJOURNAL = {Mathematische Zeitschrift},
VOLUME = {239},
YEAR = {2002},
NUMBER = {4},
PAGES = {803--828},
ISSN = {0025-5874},
MRCLASS = {55U35 (55P42)},
MRNUMBER = {1902062},
MRREVIEWER = {Mark Hovey},
DOI =
{10.1007/s002090100347},
URL =
{https://doi-org.proxy.cc.uic.edu/10.1007/s002090100347},
}

@article{schwede-unique,
AUTHOR = {Schwede, Stefan},
TITLE = {The stable homotopy category has a unique model at the
prime
2},
JOURNAL = {Adv. Math.},
FJOURNAL = {Advances in Mathematics},
VOLUME = {164},
YEAR = {2001},
NUMBER = {1},
PAGES = {24--40},
ISSN = {0001-8708},
MRCLASS = {55P42 (18G55 55U35)},
MRNUMBER = {1870511},
MRREVIEWER = {A. D. Elmendorf},
DOI = {10.1006/aima.2001.2009},
URL =
{https://doi-org.proxy.cc.uic.edu/10.1006/aima.2001.2009},
}


@article{roos-inverse,
AUTHOR = {Roos, Jan-Erik},
TITLE = {Derived functors of inverse limits revisited},
JOURNAL = {J. London Math. Soc. (2)},
FJOURNAL = {Journal of the London Mathematical Society. Second Series},
VOLUME = {73},
YEAR = {2006},
NUMBER = {1},
PAGES = {65--83},
ISSN = {0024-6107},
MRCLASS = {18A30 (18E10 18E15 55P65)},
MRNUMBER = {2197371},
MRREVIEWER = {R. H. Street},
DOI = {10.1112/S0024610705022416},
URL =
{https://doi.org/10.1112/S0024610705022416},
}

@article{tohoku,
    AUTHOR = {Grothendieck, Alexander},
    TITLE = {Sur quelques points d'alg\`ebre homologique},
    JOURNAL = {T\^{o}hoku Math. J. (2)},
    FJOURNAL = {The Tohoku Mathematical Journal. Second Series},
    VOLUME = {9},
    YEAR = {1957},
    PAGES = {119--221},
    ISSN = {0040-8735},
    MRCLASS = {18.00},
    MRNUMBER = {0102537},
    MRREVIEWER = {D. Buchsbaum},
    DOI = {10.2748/tmj/1178244839},
    URL =
    {https://doi.org/10.2748/tmj/1178244839},
}


@article{bondal-larsen-lunts,
AUTHOR = {Bondal, Alexey I. and Larsen, Michael and Lunts, Valery A.},
TITLE = {Grothendieck ring of pretriangulated categories},
JOURNAL = {Int. Math. Res. Not.},
FJOURNAL = {International Mathematics Research Notices},
YEAR = {2004},
NUMBER = {29},
PAGES = {1461--1495},
ISSN = {1073-7928},
MRCLASS = {18E30 (18F30)},
MRNUMBER = {2051435},
MRREVIEWER = {Daniele Faenzi},
DOI =
{10.1155/S1073792804140385},
URL =
{https://doi-org.proxy.cc.uic.edu/10.1155/S1073792804140385},
}

@incollection{bbd,
AUTHOR = {Be\u{\i}linson, Aleksandr A. and Bernstein, Joseph and Deligne, Pierre},
TITLE = {Faisceaux pervers},
BOOKTITLE = {Analysis and topology on singular spaces, {I}
({L}uminy,
1981)},
SERIES = {Ast\'{e}risque},
VOLUME = {100},
PAGES = {5--171},
PUBLISHER = {Soc. Math. France, Paris},
YEAR = {1982},
MRCLASS = {32C38},
MRNUMBER = {751966},
MRREVIEWER = {Zoghman Mebkhout},
}


@article{bondal-vdb,
AUTHOR = {Bondal, Alexey I. and van den Bergh, Michel},
TITLE = {Generators and representability of functors in commutative and
noncommutative geometry},
JOURNAL = {Mosc. Math. J.},
FJOURNAL = {Moscow Mathematical Journal},
VOLUME = {3},
YEAR = {2003},
NUMBER = {1},
PAGES = {1--36, 258},
ISSN = {1609-3321},
MRCLASS = {18E30 (14F05)},
MRNUMBER = {1996800},
MRREVIEWER = {Ioannis Emmanouil},
}

@article{bokstedt-neeman,
AUTHOR = {B\"{o}kstedt, Marcel and Neeman, Amnon},
TITLE = {Homotopy limits in triangulated categories},
JOURNAL = {Compositio Math.},
FJOURNAL = {Compositio Mathematica},
VOLUME = {86},
YEAR = {1993},
NUMBER = {2},
PAGES = {209--234},
ISSN = {0010-437X},
MRCLASS = {18E30 (18E35)},
MRNUMBER = {1214458},
MRREVIEWER = {Jeremy Rickard},
URL =
{http://www.numdam.org/item?id=CM_1993__86_2_209_0},
}

@article{hall-neeman-rydh,
title={ONE POSITIVE AND TWO NEGATIVE RESULTS FOR DERIVED CATEGORIES OF ALGEBRAIC STACKS},
journal={Journal of the Institute of Mathematics of Jussieu},
publisher={Cambridge University Press},
author={Hall, Jack and Neeman, Amnon and Rydh, David},
year={2018},
pages={1--25},
}

@article{hall-rydh,
    AUTHOR = {Hall, Jack and Rydh, David},
    TITLE = {Perfect complexes on algebraic stacks},
    JOURNAL = {Compos. Math.},
    FJOURNAL = {Compositio Mathematica},
    VOLUME = {153},
    YEAR = {2017},
    NUMBER = {11},
    PAGES = {2318--2367},
    ISSN = {0010-437X},
    MRCLASS = {14F05 (13D09 14A20 18E30)},
    MRNUMBER = {3705292},
    DOI = {10.1112/S0010437X17007394},
    URL =
    {https://doi.org/10.1112/S0010437X17007394},
}

@article{krause-noetherian,
    AUTHOR = {Krause, Henning},
    TITLE = {The stable derived category of a {N}oetherian scheme},
    JOURNAL = {Compos. Math.},
    FJOURNAL = {Compositio Mathematica},
    VOLUME = {141},
    YEAR = {2005},
    NUMBER = {5},
    PAGES = {1128--1162},
    ISSN = {0010-437X},
    MRCLASS = {18E30 (14F05 16E30 16E65 55U35)},
    MRNUMBER = {2157133},
    MRREVIEWER = {J. P. C. Greenlees},
    DOI = {10.1112/S0010437X05001375},
    URL =
    {https://doi.org/10.1112/S0010437X05001375},
}

@article{neeman-injectives,
    AUTHOR = {Neeman, Amnon},
    TITLE = {The homotopy category of injectives},
    JOURNAL = {Algebra Number Theory},
    FJOURNAL = {Algebra \& Number Theory},
    VOLUME = {8},
    YEAR = {2014},
    NUMBER = {2},
    PAGES = {429--456},
    ISSN = {1937-0652},
    MRCLASS = {18E15},
    MRNUMBER = {3212862},
    MRREVIEWER = {Marius Thaule},
    DOI = {10.2140/ant.2014.8.429},
    URL =
    {https://doi.org/10.2140/ant.2014.8.429},
}

@article{krause-deriving,
AUTHOR = {Krause, Henning},
TITLE = {Deriving {A}uslander's formula},
JOURNAL = {Doc. Math.},
FJOURNAL = {Documenta Mathematica},
VOLUME = {20},
YEAR = {2015},
PAGES = {669--688},
ISSN = {1431-0635},
MRCLASS = {18E30 (18E15)},
MRNUMBER = {3398723},
MRREVIEWER = {Matan Prasma},
}


@article{neeman-left,
AUTHOR = {Neeman, Amnon},
TITLE = {Non-left-complete derived categories},
JOURNAL = {Math. Res. Lett.},
FJOURNAL = {Mathematical Research Letters},
VOLUME = {18},
YEAR = {2011},
NUMBER = {5},
PAGES = {827--832},
ISSN = {1073-2780},
MRCLASS = {18E30},
MRNUMBER = {2875857},
MRREVIEWER = {Sunil K.
Chebolu},
DOI = {10.4310/MRL.2011.v18.n5.a2},
URL =
{https://doi-org.proxy.cc.uic.edu/10.4310/MRL.2011.v18.n5.a2},
}

@article{muro-enhanced,
      title={Enhanced finite triangulated categories},
        author={Muro, Fernando},
          journal={arXiv preprint arXiv:1810.10068},
            year={2018}
}

@article{muro-first,
      title={The first obstructions to enhancing a triangulated category},
        author={Muro, Fernando},
          journal={arXiv preprint arXiv:1803.02464},
            year={2018}
}

@article{keller-vossieck-aisles,
AUTHOR = {Keller, Bernhard and Vossieck, Dieter},
TITLE = {Aisles in derived categories},
NOTE = {Deuxi\`eme Contact Franco-Belge en Alg\`ebre
(Faulx-les-Tombes,
1987)},
JOURNAL = {Bull. Soc. Math. Belg. S\'{e}r. A},
FJOURNAL = {Bulletin de la Soci\'{e}t\'{e} Math\'{e}matique de
Belgique. S\'{e}rie A},
VOLUME = {40},
YEAR = {1988},
NUMBER = {2},
PAGES = {239--253},
ISSN = {0037-9476},
MRCLASS = {16A46 (16A64)},
MRNUMBER = {976638},
}

@article{keller-vossieck-sous,
AUTHOR = {Keller, Bernhard and Vossieck, Dieter},
TITLE = {Sous les cat\'{e}gories d\'{e}riv\'{e}es},
JOURNAL = {C. R. Acad. Sci. Paris S\'{e}r. I Math.},
FJOURNAL = {Comptes Rendus des S\'{e}ances de l'Acad\'{e}mie
des Sciences. S\'{e}rie
I. Math\'{e}matique},
VOLUME = {305},
YEAR = {1987},
NUMBER = {6},
PAGES = {225--228},
ISSN = {0249-6291},
MRCLASS = {18E30 (32C38)},
MRNUMBER = {907948},
}

@article{schwede-rigid,
AUTHOR = {Schwede, Stefan},
TITLE = {The stable homotopy category is rigid},
JOURNAL = {Ann. of Math. (2)},
FJOURNAL = {Annals of Mathematics. Second Series},
VOLUME = {166},
YEAR = {2007},
NUMBER = {3},
PAGES = {837--863},
ISSN = {0003-486X},
MRCLASS = {55P42 (55U35)},
MRNUMBER = {2373374},
MRREVIEWER = {Mark Hovey},
DOI =
{10.4007/annals.2007.166.837},
URL =
{https://doi-org.proxy.cc.uic.edu/10.4007/annals.2007.166.837},
}

@article{lunts-orlov,
AUTHOR = {Lunts, Valery A. and Orlov, Dmitri O.},
TITLE = {Uniqueness of enhancement for triangulated categories},
JOURNAL = {J. Amer. Math. Soc.},
FJOURNAL = {Journal of the American Mathematical Society},
VOLUME = {23},
YEAR = {2010},
NUMBER = {3},
PAGES = {853--908},
ISSN = {0894-0347},
MRCLASS = {14F05 (18E30)},
MRNUMBER = {2629991},
MRREVIEWER = {Andrei D.
Halanay},
DOI = {10.1090/S0894-0347-10-00664-8},
URL =
{https://doi-org.proxy.cc.uic.edu/10.1090/S0894-0347-10-00664-8},
}

@article{rizzardo-vdb,
title={A note on non-unique enhancements},
author={Rizzardo, Alice and Bergh, Michel van den},
journal={Proc. Amer. Math. Soc.},
doi={https://doi.org/10.1090/proc/14065},
note={published electronically 8 November 2018},
}

@article{cs-uniqueness,
AUTHOR = {Canonaco, Alberto and Stellari, Paolo},
TITLE = {Uniqueness of dg enhancements for the derived category of
a
{G}rothendieck category},
JOURNAL = {J. Eur. Math. Soc.},
FJOURNAL = {Journal of the European Mathematical Society (JEMS)},
VOLUME = {20},
YEAR = {2018},
NUMBER = {11},
PAGES = {2607--2641},
ISSN = {1435-9855},
MRCLASS = {14F05 (18E10 18E30)},
MRNUMBER = {3861804},
DOI = {10.4171/JEMS/820},
URL =
{https://doi-org.proxy.cc.uic.edu/10.4171/JEMS/820},
}

@article{cs-tour,
AUTHOR = {Canonaco, Alberto and Stellari, Paolo},
TITLE = {A tour about existence and uniqueness of dg enhancements
and
lifts},
JOURNAL = {J. Geom. Phys.},
FJOURNAL = {Journal of Geometry and Physics},
VOLUME = {122},
YEAR = {2017},
PAGES = {28--52},
ISSN = {0393-0440},
MRCLASS = {18E30 (14F05 18E10)},
MRNUMBER = {3713870},
MRREVIEWER = {Jian Min Chen},
DOI =
{10.1016/j.geomphys.2016.11.030},
URL =
{https://doi-org.proxy.cc.uic.edu/10.1016/j.geomphys.2016.11.030},
}

@article{bhatt-padic,
    title={p-adic derived de {R}ham cohomology},
    author={Bhatt, Bhargav},
    journal={arXiv preprint arXiv:1204.6560},
    year={2012},
}

@article{tabuada-vdb1,
AUTHOR = {Tabuada, Gon\c{c}alo and Van den Bergh, Michel},
TITLE = {Noncommutative motives of {A}zumaya algebras},
JOURNAL = {J. Inst. Math. Jussieu},
FJOURNAL = {Journal of the Institute of Mathematics of
Jussieu. JIMJ.
Journal de l'Institut de
Math\'{e}matiques de Jussieu},
VOLUME = {14},
YEAR = {2015},
NUMBER = {2},
PAGES = {379--403},
ISSN = {1474-7480},
MRCLASS = {14A22 (14F05 16H05 18D20 19D55
19E08)},
MRNUMBER = {3315059},
MRREVIEWER = {Pablo M. Zadunaisky},
DOI = {10.1017/S147474801400005X},
URL =
{https://doi-org.proxy.cc.uic.edu/10.1017/S147474801400005X},
}

@book{sga72,
    TITLE = {Groupes de monodromie en g\'{e}om\'{e}trie alg\'{e}brique. {II}},
    SERIES = {Lecture Notes in Mathematics, Vol. 340},
    NOTE = {S\'{e}minaire de G\'{e}om\'{e}trie Alg\'{e}brique du Bois-Marie
    1967--1969
    (SGA 7 II),
    Dirig\'{e} par P. Deligne et N. Katz},
    PUBLISHER = {Springer-Verlag, Berlin-New York},
    YEAR = {1973},
    PAGES = {x+438},
    MRCLASS = {14-06},
    MRNUMBER = {0354657},
}

@book{cossec-dolgachev,
AUTHOR = {Cossec, Fran\c{c}ois R. and Dolgachev, Igor V.},
TITLE = {Enriques surfaces. {I}},
SERIES = {Progress in Mathematics},
VOLUME = {76},
PUBLISHER = {Birkh\"{a}user Boston, Inc., Boston, MA},
YEAR = {1989},
PAGES = {x+397},
ISBN = {0-8176-3417-7},
MRCLASS = {14J28},
MRNUMBER = {986969},
MRREVIEWER = {Ulf Persson},
DOI =
{10.1007/978-1-4612-3696-2},
URL =
{https://doi-org.proxy.cc.uic.edu/10.1007/978-1-4612-3696-2},
}

@article{cortinas-weibel,
AUTHOR = {Corti\~{n}as, G. and Weibel, C.},
TITLE = {Homology of {A}zumaya algebras},
JOURNAL = {Proc. Amer. Math. Soc.},
FJOURNAL = {Proceedings of the American Mathematical
Society},
VOLUME = {121},
YEAR = {1994},
NUMBER = {1},
PAGES = {53--55},
ISSN = {0002-9939},
MRCLASS = {16E40 (18G60)},
MRNUMBER = {1181159},
MRREVIEWER = {Manuel Ojanguren},
DOI = {10.2307/2160364},
URL =
{https://doi-org.proxy.cc.uic.edu/10.2307/2160364},
}

@article{hkr,
AUTHOR = {Hochschild, G. and Kostant, Bertram and Rosenberg, Alex},
TITLE = {Differential forms on regular affine algebras},
JOURNAL = {Trans. Amer. Math. Soc.},
FJOURNAL = {Transactions of the American Mathematical
Society},
VOLUME = {102},
YEAR = {1962},
PAGES = {383--408},
ISSN = {0002-9947},
MRCLASS = {18.20 (14.52)},
MRNUMBER = {0142598},
MRREVIEWER = {J. W. Gray},
DOI = {10.2307/1993614},
URL =
{https://doi-org.proxy.cc.uic.edu/10.2307/1993614},
}

@incollection{geisser-hesselholt,
AUTHOR = {Geisser, Thomas and Hesselholt, Lars},
TITLE = {Topological cyclic homology of schemes},
BOOKTITLE = {Algebraic {$K$}-theory ({S}eattle, {WA}, 1997)},
SERIES = {Proc. Sympos. Pure Math.},
VOLUME = {67},
PAGES = {41--87},
PUBLISHER = {Amer. Math. Soc., Providence, RI},
YEAR = {1999},
MRCLASS = {19D55 (14F43)},
MRNUMBER = {1743237},
MRREVIEWER = {Paul Arne \O stv\ae r},
DOI =
{10.1090/pspum/067/1743237},
URL =
{https://doi-org.proxy.cc.uic.edu/10.1090/pspum/067/1743237},
}

@article{totaro,
AUTHOR = {Totaro, Burt},
TITLE = {Hodge theory of classifying stacks},
JOURNAL = {Duke Math. J.},
FJOURNAL = {Duke Mathematical Journal},
VOLUME = {167},
YEAR = {2018},
NUMBER = {8},
PAGES = {1573--1621},
ISSN = {0012-7094},
MRCLASS = {14F40 (14A20 20G05
57T10)},
MRNUMBER = {3807317},
DOI = {10.1215/00127094-2018-0003},
URL =
{https://doi-org.proxy.cc.uic.edu/10.1215/00127094-2018-0003},
}

@book{jantzen,
    AUTHOR = {Jantzen, Jens Carsten},
    TITLE = {Representations of algebraic groups},
    SERIES = {Pure and Applied Mathematics},
    VOLUME = {131},
    PUBLISHER = {Academic Press, Inc., Boston, MA},
    YEAR = {1987},
    PAGES = {xiv+443},
    ISBN = {0-12-380245-8},
    MRCLASS = {20-02 (17B10 17B45 17B56
    20G05 22E45)},
    MRNUMBER = {899071},
    MRREVIEWER = {R. W. Carter},
}

@article{toen-derived,
AUTHOR = {To\"{e}n, Bertrand},
TITLE = {Derived {A}zumaya algebras and generators for twisted derived
categories},
JOURNAL = {Invent. Math.},
FJOURNAL = {Inventiones Mathematicae},
VOLUME = {189},
YEAR = {2012},
NUMBER = {3},
PAGES = {581--652},
ISSN = {0020-9910},
MRCLASS = {18E30 (14F05 14F20 16E35 18D10
18G55)},
MRNUMBER = {2957304},
MRREVIEWER = {Julia Bergner},
DOI = {10.1007/s00222-011-0372-1},
URL =
{https://doi.org/10.1007/s00222-011-0372-1},
}

@article{toen-vezzosi-simpliciales,
AUTHOR = {To\"{e}n, Bertrand and Vezzosi, Gabriele},
TITLE = {Alg\`ebres simpliciales {$S^1$}-\'{e}quivariantes, th\'{e}orie de de
{R}ham et th\'{e}or\`emes {HKR} multiplicatifs},
JOURNAL = {Compos. Math.},
FJOURNAL = {Compositio Mathematica},
VOLUME = {147},
YEAR = {2011},
NUMBER = {6},
PAGES = {1979--2000},
ISSN = {0010-437X},
MRCLASS = {18G55 (14F40 16E45 18G30 55U10)},
MRNUMBER = {2862069},
MRREVIEWER = {Kenneth A. Brown},
DOI = {10.1112/S0010437X11005501},
URL =
{https://doi.org/10.1112/S0010437X11005501},
}

@article{antieau-cohomological,
AUTHOR = {Antieau, Benjamin},
TITLE = {Cohomological obstruction theory for {B}rauer classes and the
period-index problem},
JOURNAL = {J. K-Theory},
FJOURNAL = {Journal of K-Theory. K-Theory and its Applications in Algebra,
Geometry, Analysis \& Topology},
VOLUME = {8},
YEAR = {2011},
NUMBER = {3},
PAGES = {419--435},
ISSN = {1865-2433},
MRCLASS = {14F22 (16K50 19D23 55Q45)},
MRNUMBER = {2863419},
MRREVIEWER = {Stefan Schr\"{o}er},
DOI = {10.1017/is010011030jkt136},
URL =
{https://doi.org/10.1017/is010011030jkt136},
}

@article{antieau-cech,
AUTHOR = {Antieau, Benjamin},
TITLE = {\v{C}ech approximation to the {B}rown-{G}ersten spectral sequence},
JOURNAL = {Homology Homotopy Appl.},
FJOURNAL = {Homology, Homotopy and Applications},
VOLUME = {13},
YEAR = {2011},
NUMBER = {1},
PAGES = {319--348},
ISSN = {1532-0073},
MRCLASS = {14F22 (16K50 18G40 19D23)},
MRNUMBER = {2803877},
MRREVIEWER = {Paul G. Goerss},
DOI = {10.4310/HHA.2011.v13.n1.a13},
URL =
{https://doi.org/10.4310/HHA.2011.v13.n1.a13},
}

@article{ag,
    AUTHOR = {Antieau, Benjamin and Gepner, David},
    TITLE = {Brauer groups and \'{e}tale cohomology in derived algebraic
    geometry},
    JOURNAL = {Geom. Topol.},
    FJOURNAL = {Geometry \& Topology},
    VOLUME = {18},
    YEAR = {2014},
    NUMBER = {2},
    PAGES = {1149--1244},
    ISSN = {1465-3060},
    MRCLASS = {14F22 (13D09 14D20 18G55 55P43)},
    MRNUMBER = {3190610},
    MRREVIEWER = {Timothy J. Ford},
    DOI = {10.2140/gt.2014.18.1149},
    URL =
    {https://doi.org/10.2140/gt.2014.18.1149},
}

@article{bombieri-mumford-2,
    AUTHOR = {Bombieri, E. and Mumford, D.},
    TITLE = {Enriques' classification of surfaces in char. {$p$}. {II}},
    BOOKTITLE = {Complex analysis and algebraic geometry},
    PAGES = {23--42},
    PUBLISHER = {Iwanami Shoten, Tokyo},
    YEAR = {1977},
    MRCLASS = {14J10},
    MRNUMBER = {0491719},
    MRREVIEWER = {S. L. Kleiman},
}

@article{bombieri-mumford-3,
    AUTHOR = {Bombieri, E. and Mumford, D.},
    TITLE = {Enriques' classification of surfaces in char. {$p$}. {III}},
    JOURNAL = {Invent. Math.},
    FJOURNAL = {Inventiones Mathematicae},
    VOLUME = {35},
    YEAR = {1976},
    PAGES = {197--232},
    ISSN = {0020-9910},
    MRCLASS = {14J10},
    MRNUMBER = {0491720},
    MRREVIEWER = {S. L. Kleiman},
    DOI = {10.1007/BF01390138},
    URL =
    {https://doi.org/10.1007/BF01390138},
}

@article{kaledin-nhdr,
title={Non-commutative {H}odge-to-de {R}ham degeneration via the method of
       {D}eligne-{I}llusie},
author={Kaledin, Dmitry},
journal={Pure and Applied Mathematics Quarterly},
volume={4},
number={3},
pages={785--876},
year={2008},
publisher={International Press of Boston}
}

@incollection{kaledin-spectral,
      title={Spectral sequences for cyclic homology},
        author={Kaledin, Dmitry},
          booktitle={Algebra, geometry, and physics in the 21st century},
            pages={99--129},
              year={2017},
                publisher={Springer}
}



@article{antieau-vezzosi,
      title={A remark on the {H}ochschild--{K}ostant--{R}osenberg theorem in characteristic p},
        author={Antieau, Benjamin and Vezzosi, Gabriele},
          journal={arXiv preprint arXiv:1710.06039},
            year={2017},
            note={To appear in Ann. Sc. Norm. Super. Pisa Cl. Sci.},
}

@article{mathew-degeneration,
      title={Kaledin's degeneration theorem and topological {H}ochschild homology},
        author={Mathew, Akhil},
          journal={arXiv preprint arXiv:1710.09045},
            year={2017}
}

@article{deligne-illusie,
    AUTHOR = {Deligne, Pierre and Illusie, Luc},
    TITLE = {Rel\`evements modulo {$p^2$} et d\'{e}composition du complexe de de
    {R}ham},
    JOURNAL = {Invent. Math.},
    FJOURNAL = {Inventiones Mathematicae},
    VOLUME = {89},
    YEAR = {1987},
    NUMBER = {2},
    PAGES = {247--270},
    ISSN = {0020-9910},
    MRCLASS = {14F40 (14C30)},
    MRNUMBER = {894379},
    MRREVIEWER = {Thomas Zink},
    DOI = {10.1007/BF01389078},
    URL =
    {https://doi.org/10.1007/BF01389078},
}

@article{blumberg-mandell-tp,
    author = {Blumberg, Andrew and Mandell, Michael},
    title = {The strong {K}\"unneth theorem for topological periodic cyclic homology},
    journal = {arXiv e-prints},
    eprint =  {http://arxiv.org/abs/1706.06846},
    year = {2017},
}

@incollection{hesselholt-tp,
    author={Hesselholt, Lars},
    title={Topological Hochschild homology and the {H}asse--{W}eil zeta function},
    booktitle={{A}lpine Algebraic and Applied Topology ({S}aas {A}lmagell, {S}witzerland, 2016)},
    series = {Contemp. Math.},
    year = {2016},
 PUBLISHER = {Amer. Math. Soc., Providence, RI},
 note={To appear}
}

@article{tabuada,
    author={Tabuada, Goncalo},
    title={NONCOMMUTATIVE MOTIVES IN POSITIVE
           CHARACTERISTIC AND THEIR APPLICATIONS},
    journal = {arXiv e-prints},
    eprint = {http://arxiv.org/abs/1707.04248},
    year = {2017},
}

@article{jannsen,
    AUTHOR = {Jannsen, Uwe},
    TITLE = {Motives, numerical equivalence, and semi-simplicity},
    JOURNAL = {Invent. Math.},
    FJOURNAL = {Inventiones Mathematicae},
    VOLUME = {107},
    YEAR = {1992},
    NUMBER = {3},
    PAGES = {447--452},
    ISSN = {0020-9910},
    MRCLASS = {14C10},
    MRNUMBER = {1150598},
    MRREVIEWER = {Wayne Raskind},
    DOI =
    {10.1007/BF01231898},
    URL =
    {http://dx.doi.org.proxy.cc.uic.edu/10.1007/BF01231898},
}

@article{ayala-mg-rozenblyum,
    author={Ayala, David and Mazel-Gee, Aaron and Rozenblyum, Nick},
    title={The geometry of the cyclotomic trace},
	 eprint="https://arxiv.org/abs/1710.06409",
	 journal="ar{X}iv eprints",
	 year="2017"
}

@article {illusie-derham-witt,
    AUTHOR = {Illusie, Luc},
     TITLE = {Complexe de de\thinspace {R}ham-{W}itt et cohomologie
              cristalline},
   JOURNAL = {Ann. Sci. \'Ecole Norm. Sup. (4)},
  FJOURNAL = {Annales Scientifiques de l'\'Ecole Normale Sup\'erieure. Quatri\`eme
              S\'erie},
    VOLUME = {12},
      YEAR = {1979},
    NUMBER = {4},
     PAGES = {501--661},
      ISSN = {0012-9593},
   MRCLASS = {14F30},
  MRNUMBER = {565469},
MRREVIEWER = {William E. Lang},
       URL = {http://www.numdam.org/item?id=ASENS_1979_4_12_4_501_0},
}

@article {illusie-raynaud,
    AUTHOR = {Illusie, Luc and Raynaud, Michel},
     TITLE = {Les suites spectrales associ\'ees au complexe de de
              {R}ham-{W}itt},
   JOURNAL = {Inst. Hautes \'Etudes Sci. Publ. Math.},
  FJOURNAL = {Institut des Hautes \'Etudes Scientifiques. Publications
              Math\'ematiques},
    NUMBER = {57},
      YEAR = {1983},
     PAGES = {73--212},
      ISSN = {0073-8301},
   MRCLASS = {14F30 (18F25)},
  MRNUMBER = {699058},
MRREVIEWER = {Daniel R. Grayson},
       URL = {http://www.numdam.org/item?id=PMIHES_1983__57__73_0},
}



@article{klein-dualizing,
   author={Klein, John R.},
   title={The dualizing spectrum of a topological group},
   journal={Math. Ann.},
   volume={319},
   date={2001},
   number={3},
   pages={421--456},
   issn={0025-5831},
}

@book{htt,
    AUTHOR = {Lurie, Jacob},
    TITLE = {Higher topos theory},
    SERIES = {Annals of Mathematics Studies},
    VOLUME = {170},
    PUBLISHER = {Princeton University Press, Princeton, NJ},
    YEAR = {2009},
    PAGES = {xviii+925},
    ISBN = {978-0-691-14049-0;
    0-691-14049-9},
    MRCLASS = {18-02 (18B25 18E35 18G30 18G55 55U40)},
    MRNUMBER = {2522659},
    MRREVIEWER = {Mark Hovey},
    DOI = {10.1515/9781400830558},
    URL =
    {https://doi-org.proxy.cc.uic.edu/10.1515/9781400830558},
}

@article{lurie-elliptic-2, 
    author={Lurie, Jacob},
    journal={available at
               \url{https://www.math.ias.edu/~lurie/papers/Elliptic-II.pdf}},
    title={Elliptic cohomology {II}: orientations},
    year={version dated 26 April 2018},
}

@article{dag13, 
    author={Lurie, Jacob},
    journal={available at
               \url{https://www.math.ias.edu/~lurie/papers/DAG-XIII.pdf}},
    title={Derived Algebraic Geometry {XIII}: Rational and p-adic Homotopy Theory},
    year={version dated 15 December 2011},
}

@book{sag, 
    author={Lurie, Jacob},
    publisher={available at
               \url{http://www.math.harvard.edu/~lurie/papers/SAG-rootfile.pdf}},
    title={Spectral algebraic geometry},
    year={version dated 3 February 2018},
}

@article{mathew-galois, 
	author={Mathew, Akhil},
    title={The Galois group of a stable homotopy theory},
    journal={Adv. Math.},
    volume={291},
    date={2016},
    pages={403--541},
    issn={0001-8708},
     review={\MR{3459022}},
     doi={10.1016/j.aim.2015.12.017},
}

@article{MNN17,
	author={Mathew, Akhil  and Naumann, Niko and Noel, Justin},
   title={Nilpotence and descent in equivariant stable homotopy theory},
   journal={Adv. Math.},
   volume={305},
   year={2017},
   pages={994--1084},
   issn={0001-8708},
    review={\MR{3570153}},
    doi={10.1016/j.aim.2016.09.027},
}

@article {nikolaus-scholze,
    AUTHOR = {Nikolaus, Thomas and Scholze, Peter},
     TITLE = {On topological cyclic homology},
   JOURNAL = {Acta Math.},
  FJOURNAL = {Acta Mathematica},
    VOLUME = {221},
      YEAR = {2018},
    NUMBER = {2},
     PAGES = {203--409},
      ISSN = {0001-5962},
   MRCLASS = {55U35 (16E40 18E30 19D99)},
  MRNUMBER = {3904731},
MRREVIEWER = {Geoffrey M. L. Powell},
       DOI = {10.4310/ACTA.2018.v221.n2.a1},
       URL = {https://doi-org.turing.library.northwestern.edu/10.4310/ACTA.2018.v221.n2.a1},
}


@BOOK{HA,
  title = {Higher Algebra},
  publisher = {available at \url{http://www.math.harvard.edu/~lurie/papers/HA.pdf}},
  year = {version dated 18 September 2017},
  author = {Lurie, Jacob},
}

@ARTICLE{SchwedeShipley,
  author = {Schwede, Stefan and Shipley, Brooke},
  title = {Stable model categories are categories of modules},
  journal = {Topology},
  year = {2003},
  volume = {42},
  pages = {103--153},
  number = {1},
  coden = {TPLGAF},
  fjournal = {Topology. An International Journal of Mathematics},
  issn = {0040-9383},
}




@incollection {HMSPic,
    AUTHOR = {Hopkins, Michael J. and Mahowald, Mark and Sadofsky, Hal},
     TITLE = {Constructions of elements in {P}icard groups},
 BOOKTITLE = {Topology and representation theory ({E}vanston, {IL}, 1992)},
    SERIES = {Contemp. Math.},
    VOLUME = {158},
     PAGES = {89--126},
 PUBLISHER = {Amer. Math. Soc., Providence, RI},
      YEAR = {1994},
   MRCLASS = {55P42 (55P60 55Q10)},
  MRNUMBER = {1263713},
MRREVIEWER = {Dominique Arlettaz},
       DOI = {10.1090/conm/158/01454},
       URL = {http://dx.doi.org/10.1090/conm/158/01454},
}

@article{DAGXII,
	author="Jacob Lurie",
	title="Derived Algebraic Geometry {XII}: Proper Morphisms, Completions,
and the {G}rothendieck Existence Theorem",
	year="2011",
	note="Available at
	\url{http://www.math.harvard.edu/~lurie/papers/DAG-XII.pdf}"
}


@article{DwGr,
    AUTHOR = {Dwyer, William G. and Greenlees, John P. C.},
     TITLE = {Complete modules and torsion modules},
   JOURNAL = {Amer. J. Math.},
  FJOURNAL = {American Journal of Mathematics},
    VOLUME = {124},
      YEAR = {2002},
    NUMBER = {1},
     PAGES = {199--220},
      ISSN = {0002-9327},
   MRCLASS = {16E30 (16D90 18E30)},
  MRNUMBER = {1879003},
MRREVIEWER = {Henning Krause},
       URL =
              {http://muse.jhu.edu/journals/american_journal_of_mathematics/v124/124.1dwyer.pdf},
}



@article{BGTmult,
    AUTHOR = {Blumberg, Andrew J. and Gepner, David and Tabuada, Gon\c{c}alo},
     TITLE = {Uniqueness of the multiplicative cyclotomic trace},
   JOURNAL = {Adv. Math.},
  FJOURNAL = {Advances in Mathematics},
    VOLUME = {260},
      YEAR = {2014},
     PAGES = {191--232},
      ISSN = {0001-8708},
   MRCLASS = {19D55 (19D23 55N15)},
  MRNUMBER = {3209352},
MRREVIEWER = {Jeffrey Giansiracusa},
       DOI = {10.1016/j.aim.2014.02.004},
       URL = {http://dx.doi.org/10.1016/j.aim.2014.02.004},
}


@article{bgt1,
    AUTHOR = {Blumberg, Andrew J. and Gepner, David and Tabuada, Gon\c{c}alo},
     TITLE = {A universal characterization of higher algebraic {$K$}-theory},
   JOURNAL = {Geom. Topol.},
  FJOURNAL = {Geometry \& Topology},
    VOLUME = {17},
      YEAR = {2013},
    NUMBER = {2},
     PAGES = {733--838},
      ISSN = {1465-3060},
   MRCLASS = {19D10 (18D20 19D25 19D55 55N15 55U40)},
  MRNUMBER = {3070515},
MRREVIEWER = {Ross Staffeldt},
       DOI = {10.2140/gt.2013.17.733},
       URL = {http://dx.doi.org/10.2140/gt.2013.17.733},
}


@article {Qui,
    AUTHOR = {Quillen, Daniel},
     TITLE = {On the cohomology and {$K$}-theory of the general linear
              groups over a finite field},
   JOURNAL = {Ann. of Math. (2)},
  FJOURNAL = {Annals of Mathematics. Second Series},
    VOLUME = {96},
      YEAR = {1972},
     PAGES = {552--586},
      ISSN = {0003-486X},
   MRCLASS = {20J05 (18F25 55B15)},
  MRNUMBER = {0315016},
MRREVIEWER = {D. W. Anderson},
       DOI = {10.2307/1970825},
       URL = {http://dx.doi.org/10.2307/1970825},
}


@article {3local,
    AUTHOR = {Matijevic, Jacob},
     TITLE = {Three local conditions on a graded ring},
   JOURNAL = {Trans. Amer. Math. Soc.},
  FJOURNAL = {Transactions of the American Mathematical Society},
    VOLUME = {205},
      YEAR = {1975},
     PAGES = {275--284},
      ISSN = {0002-9947},
   MRCLASS = {13C15 (13H10)},
  MRNUMBER = {0384776},
MRREVIEWER = {Joel Roberts},
       DOI = {10.2307/1997204},
       URL = {http://dx.doi.org/10.2307/1997204},
}


@book {gradedringtheory,
    AUTHOR = {N\u{a}st\u{a}sescu, C. and van Oystaeyen, F.},
     TITLE = {Graded ring theory},
    SERIES = {North-Holland Mathematical Library},
    VOLUME = {28},
 PUBLISHER = {North-Holland Publishing Co., Amsterdam-New York},
      YEAR = {1982},
     PAGES = {ix+340},
      ISBN = {0-444-86489-X},
   MRCLASS = {16A03},
  MRNUMBER = {676974},
MRREVIEWER = {Robert Gordon},
}


@article {ToenderAz,
    AUTHOR = {To{\"{e}}n, Bertrand},
     TITLE = {Derived {A}zumaya algebras and generators for twisted derived
              categories},
   JOURNAL = {Invent. Math.},
  FJOURNAL = {Inventiones Mathematicae},
    VOLUME = {189},
      YEAR = {2012},
    NUMBER = {3},
     PAGES = {581--652},
      ISSN = {0020-9910},
   MRCLASS = {18E30 (14F05 14F20 16E35 18D10 18G55)},
  MRNUMBER = {2957304},
MRREVIEWER = {Julia Bergner},
       DOI = {10.1007/s00222-011-0372-1},
       URL = {http://dx.doi.org/10.1007/s00222-011-0372-1},
}


@incollection {GH,
    AUTHOR = {Geisser, Thomas and Hesselholt, Lars},
     TITLE = {Topological cyclic homology of schemes},
 BOOKTITLE = {Algebraic {$K$}-theory ({S}eattle, {WA}, 1997)},
    SERIES = {Proc. Sympos. Pure Math.},
    VOLUME = {67},
     PAGES = {41--87},
 PUBLISHER = {Amer. Math. Soc., Providence, RI},
      YEAR = {1999},
   MRCLASS = {19D55 (14F43)},
  MRNUMBER = {1743237},
MRREVIEWER = {Paul Arne \O stv\ae r},
       DOI = {10.1090/pspum/067/1743237},
       URL = {http://dx.doi.org/10.1090/pspum/067/1743237},
}



@article {Hesselholt,
    AUTHOR = {Hesselholt, Lars},
     TITLE = {On the {$p$}-typical curves in {Q}uillen's {$K$}-theory},
   JOURNAL = {Acta Math.},
  FJOURNAL = {Acta Mathematica},
    VOLUME = {177},
      YEAR = {1996},
    NUMBER = {1},
     PAGES = {1--53},
      ISSN = {0001-5962},
   MRCLASS = {19D50 (14F30 19D55 19E20 55P91)},
  MRNUMBER = {1417085},
MRREVIEWER = {Charles Weibel},
       DOI = {10.1007/BF02392597},
       URL = {http://dx.doi.org/10.1007/BF02392597},
}

@article{scholze-qdef,
	title="Canonical $q$-deformations in arithmetic geometry",
author="Peter Scholze",
journal="Ann. Fac. Sci. Toulouse Math.",
note="To appear"
}

@article {gros-suwa,
    AUTHOR = {Gros, Michel and Suwa, Noriyuki},
     TITLE = {La conjecture de {G}ersten pour les faisceaux de
              {H}odge-{W}itt logarithmique},
   JOURNAL = {Duke Math. J.},
  FJOURNAL = {Duke Mathematical Journal},
    VOLUME = {57},
      YEAR = {1988},
    NUMBER = {2},
     PAGES = {615--628},
      ISSN = {0012-7094},
   MRCLASS = {14C35 (14C15 14F30 19E15)},
  MRNUMBER = {962522},
MRREVIEWER = {Wayne Raskind},
       DOI = {10.1215/S0012-7094-88-05727-4},
       URL = {http://dx.doi.org/10.1215/S0012-7094-88-05727-4},
}


@article {HM97,
    AUTHOR = {Hesselholt, Lars and Madsen, Ib},
     TITLE = {On the {$K$}-theory of finite algebras over {W}itt vectors of
              perfect fields},
   JOURNAL = {Topology},
  FJOURNAL = {Topology. An International Journal of Mathematics},
    VOLUME = {36},
      YEAR = {1997},
    NUMBER = {1},
     PAGES = {29--101},
      ISSN = {0040-9383},
   MRCLASS = {19D55 (16E40 55P91)},
  MRNUMBER = {1410465},
MRREVIEWER = {Charles Weibel},
       DOI = {10.1016/0040-9383(96)00003-1},
       URL = {http://dx.doi.org/10.1016/0040-9383(96)00003-1},
}


@article{GY,
    AUTHOR = {Goto, Shiro and Yamagishi, Kikumichi},
     TITLE = {Finite generation of {N}oetherian graded rings},
   JOURNAL = {Proc. Amer. Math. Soc.},
  FJOURNAL = {Proceedings of the American Mathematical Society},
    VOLUME = {89},
      YEAR = {1983},
    NUMBER = {1},
     PAGES = {41--44},
      ISSN = {0002-9939},
   MRCLASS = {13E05 (13E15)},
  MRNUMBER = {706507},
MRREVIEWER = {Sarah Glaz},
       DOI = {10.2307/2045060},
       URL = {http://dx.doi.org/10.2307/2045060},
}




@incollection {HesselholtOC,
    AUTHOR = {Hesselholt, Lars},
     TITLE = {On the topological cyclic homology of the algebraic closure of
              a local field},
 BOOKTITLE = {An alpine anthology of homotopy theory},
    SERIES = {Contemp. Math.},
    VOLUME = {399},
     PAGES = {133--162},
 PUBLISHER = {Amer. Math. Soc., Providence, RI},
      YEAR = {2006},
   MRCLASS = {19D50 (11S70 19D55 19F05)},
  MRNUMBER = {2222509},
MRREVIEWER = {J. P. C. Greenlees},
       DOI = {10.1090/conm/399/07517},
       URL = {http://dx.doi.org/10.1090/conm/399/07517},
}

@article{BG,
	title="Noncommutative syntomic realization",
	author="Clark Barwick and Saul Glasman",
	year="Forthcoming"
}
